2863 3785
1292 269 1377 325 1⁷

267 421 425 467 20224
452 423 609 467 Veram
637 419 858 473 lectionem
888 432 946 460 ex
974 418 1176 461 codiceB
1203 421 1244 462 in
1273 427 1516 463 contextum
1545 419 1803 474 reduximus,
1832 431 1925 462 cum
1955 433 2036 476 quo
2067 421 2269 464 Boethius
2297 439 2402 468 cou-

377 497 528 539 sentit:
555 493 709 537 etenim
736 497 781 533 ut
809 492 1016 533 scribatur
1034 489 1105 535 ὅτι
1126 493 1214 543 καί,
1246 506 1327 535 non
1359 490 1431 535 καὶ
1458 490 1544 544 ὅτι,
1573 499 1722 549 aperte
1742 494 1926 548 postulat
1948 493 2058 549 quod
2079 495 2215 538 v8025
2233 495 2405 541 babetur

376 568 445 614 ὅτι
477 571 572 611 nai:
601 566 773 608 iteravit
799 571 939 607 autem
969 566 1240 621 Aristoteles,
1280 572 1328 608 ut
1356 567 1474 608 nobis
1502 567 1544 609 in
1573 573 1754 609 mentem
1779 573 2001 609 revocaret
2027 568 2202 611 alterum
2233 565 2302 614 ὅτι
2335 570 2406 613 καὶ

376 640 485 697 quod
513 639 764 694 praecessit,
790 651 914 694 quam
937 638 1104 693 quidem
1132 640 1173 680 in
1196 639 1417 681 scribendo
1447 640 1641 681 usitatam
1659 640 1906 682 Aristotelis
1935 641 2236 695 negligentiam
2261 656 2405 698 parum

373 713 637 768 perspiciens
665 712 841 752 Bublius
882 712 1044 752 uncinis
1081 712 1250 753 inclusit
1293 708 1362 753 ὅτι
1401 724 1469 752 vs.
1498 712 1569 753 25.
1627 713 1761 753 Simili
1800 712 2059 766 negligentia
2087 716 2308 767 repetitum
2341 716 2410 757 le-

377 787 519 841 gimus
547 781 669 827 ἀλλὰ
698 784 939 826 Auscultat.
970 784 1100 839 Phys.
1127 785 1201 826 III.
1231 795 1267 824 c.
1298 783 1340 836 8,
1368 796 1409 837 p.
1441 783 1628 825 198b18
1657 782 1757 840 ἔχει
1788 782 1822 825 δ’
1851 785 2039 841 ἀπορίαν
2068 786 2111 827 τί
2140 784 2301 830 κωλύει
2330 788 2411 842 τὴν

379 856 514 910 φύσιν
543 855 602 913 μὴ
636 852 761 899 ἕνεκά
785 871 873 900 ,του
903 856 1039 898 ποιεῖν
1071 854 1169 913 μηδ’
1200 853 1269 899 ὅτι
1297 855 1507 905 βέλτιον.
1561 855 1666 898 ἀλλ’
1698 854 1844 911 ὥσπερ
1877 853 1940 900 ὕει
1971 858 1992 899 ὁ
2024 855 2134 904 Ζεὺς
2164 858 2256 916 οὐχ
2287 858 2412 907 ὅπως

378 1014 421 1055 p.
450 998 632 1041 14⁰7b3
658 995 800 1054 τύχοι
828 1001 912 1056 ’γάρ
943 994 995 1041 ἄν
1025 1013 1096 1044 τις
1122 997 1300 1054 μᾶλλον
1331 997 1372 1041 ἐν
1402 999 1501 1045 τοῖς
1529 1000 1795 1057 ἂρτιασμοῖς
1834 997 1962 1057 ἄρτια
2003 1000 2027 1059 ἢ
2057 1005 2240 1059 περισσά
2279 1004 2410 1047 εἰπὼν

376 1072 553 1129 μᾶλλον
593 1069 618 1128 ἢ
655 1072 773 1116 πόσα
815 1069 936 1128 ἔχει,
981 1077 1025 1113 et
1068 1069 1264 1128 μάλιστα
1298 1072 1560 1129 ΡιὌΙιΙειιιιιιι.7
1591 1069 1662 1126 λγ’
1699 1085 1738 1114 c.
1771 1072 1822 1112 17
1862 1074 2091 1127 συμβαίνει
2131 1074 2176 1116 δὲ
2212 1073 2411 1129 μάλιστα

381 1143 471 1188 ἀπὸ
516 1140 827 1197 καταψύξεως
864 1142 913 1186 ἐκ
956 1142 1109 1200 ῥίγους
1152 1140 1224 1184 καὶ
1255 1139 1404 1198 λύπης
1446 1140 1519 1185 καὶ
1550 1144 1838 1199 Φαρμακείας
1869 1147 1950 1197 τῆς
1990 1141 2079 1186 ἅνω
2110 1145 2310 1199 μάλιστα
2348 1150 2411 1203 ‘yl-

379 1221 555 1262 νεσθαιε
607 1230 736 1271 quare
762 1218 886 1259 etiam
914 1230 953 1260 o.
984 1217 1060 1271 14,
1101 1231 1142 1270 p.
1170 1216 1306 1258 240⁷
1333 1218 1557 1270 repetitum
1588 1214 1684 1271 ὅτι,
1728 1216 1837 1270 quod
1867 1218 2090 1257 Bekkerus
2117 1218 2270 1272 ejecit,
2313 1234 2412 1261 ser-

378 1289 561 1331 vandum
591 1289 795 1331 duximus.
824 1311 878 1320 -
905 1289 1024 1342 Quae
1053 1287 1106 1329 de
1135 1288 1318 1343 siugulis
1358 1295 1588 1342 negantur,
1631 1301 1681 1329 ea
1724 1290 1848 1329 etiam
1885 1289 2131 1330 affirmando
2172 1291 2228 1332 ita
2265 1295 2412 1346 expri-

382 1375 496 1402 mere
524 1362 644 1414 licet,
673 1368 718 1402 ut
745 1363 914 1415 negatio
943 1375 1025 1402 non
1054 1361 1262 1401 referatur
1289 1359 1342 1400 ad
1371 1361 1546 1400 verbum
1578 1368 1712 1414 »σεεμ
1742 1361 1819 1400 sed
1846 1361 1899 1400 ad
1926 1362 1966 1401 id
1996 1362 2107 1415 quod
2138 1364 2414 1415 praedicatur.

381 1434 479 1476 Non
507 1435 564 1476 ita
590 1434 631 1476 in
663 1433 990 1475 universalibus.-
1034 1446 1129 1474 nam
1167 1433 1204 1474 si
1243 1433 1449 1488 sapientia
1488 1446 1571 1475 non
1610 1435 1799 1475 omnibus
1837 1435 2050 1488 tribuitur,
2101 1442 2240 1480 tamen
2271 1451 2416 1480 omnes

380 1522 464 1550 non
490 1509 705 1562 sapientes
731 1520 830 1549 esse
857 1508 1021 1548 minime
1048 1507 1342 1560 consequitur:
1383 1519 1512 1561 quare
1541 1507 1582 1547 in
1609 1507 1959 1549 enuntiationibus
1989 1509 2190 1550 universe
2214 1514 2415 1566 neganti-

383 1581 462 1623 bus
501 1582 765 1637 negationem
803 1595 885 1623 non
925 1583 1024 1623 licet
1060 1580 1323 1634 conjungere
1363 1593 1457 1621 cum
1492 1593 1543 1621 eo
1581 1581 1691 1635 quod
1738 1582 2024 1636 praedicatur:
2069 1583 2181 1637 quod
2210 1585 2247 1625 si
2276 1593 2415 1628 autem

384 1657 782 1711 conjungitur-*cum
820 1658 928 1710 hoo,
974 1655 1202 1698 enuntiatio
1241 1655 1372 1696 exibit
1412 1657 1620 1697 contraria
1659 1661 1771 1704 (nam
1818 1657 2089 1697 enuntiationi
2131 1657 2315 1699 „Omnes
2348 1671 2415 1699 sa-

384 1732 548 1783 pientes
585 1737 708 1769 sunta
749 1730 957 1770 contraria
995 1737 1063 1770 est
1101 1732 1266 1771 „Nemo
1304 1737 1371 1769 est
1400 1731 1596 1783 sapienscc
1639 1732 1762 1782 sive,
1814 1731 1924 1784 quod
1953 1732 2061 1771 idem
2091 1739 2185 1785 est,
2233 1733 2417 1774 „Omnes

385 1808 484 1842 sunt
512 1816 592 1842 non
620 1803 909 1857 sapientesu),
953 1817 1034 1843 non
1063 1817 1173 1857 quae
1199 1810 1409 1858 repugnat
1439 1805 1587 1854 (nNon
1617 1816 1763 1843 omnes
1790 1806 2005 1858 sapientes
2031 1807 2197 1858 sunta),

277 1875 545 1917 20:31-40
565 1878 731 1916 Nomen
759 1878 831 1917 vel
859 1877 1038 1918 verbum
1066 1890 1159 1917 cum
1187 1877 1413 1930 negatione
1442 1877 1714 1929 conjunctum
1743 1879 2068 1917 enuntiationem
2099 1890 2175 1930 per
2203 1890 2253 1917 se
2284 1879 2416 1919 solum

387 1962 468 1989 nou
503 1950 733 1990 constituit.

278 2023 436 2065 20231
467 2025 512 2066 αἱ
541 2022 585 2065 δὲ
615 2023 731 2066 κατά
757 2023 816 2066 τοὶ
846 2024 1033 2079 ἂόριστα
1055 2024 1362 2079 ἂντικείμεναι.
1395 2025 1643 2065 Ammonius
1661 2025 1730 2076 (v,
1749 2024 1922 2064 Scholia
1941 2024 2144 2065 Brandisii
2160 2039 2199 2078 p.
2220 2024 2417 2070 1251234)

382 2103 522 2138 mente
548 2096 862 2152 intelligendum
884 2105 1002 2151 putat
1023 2099 1186 2150 φωναί.
1219 2098 1328 2152 quod
1351 2099 1460 2140 unde
1487 2101 1580 2140 elici
1605 2100 1740 2153 possit
1765 2113 1847 2140 non
1872 2099 2010 2140 video.
2054 2100 2323 2140 Constructio
2346 2113 2421 2139 ex·

387 2171 580 2227 plicanda
595 2179 662 2214 est
681 2173 762 2215 hoc
785 2172 920 2214 modo.
953 2174 998 2214 In
1022 2179 1161 2214 mente
1181 2174 1440 2215 Aristoteles
1472 2173 1614 2215 habuit
1645 2171 1755 2227 quod
1777 2174 1969 2227 sequitur
1995 2173 2265 2220 ἀποφάσεις,
2298 2174 2419 2227 quasi

390 2245 578 2288 dicturus
599 2248 644 2289 αἱ
673 2244 718 2289 δὲ
749 2244 867 2290 κατ-αἶ
898 2245 955 2289 ‘rei
988 2243 1174 2303 ἀόριστα
1200 2244 1395 2303 ὀνόματα
1426 2245 1497 2289 καὶ
1532 2245 1708 2306 ῥήματα
1730 2247 2020 2298 άντικείμευαι
2052 2245 2304 2297 ἀποφάσεις
2336 2246 2420 2289 οὐκ

389 2316 492 2362 εἰσὶν
514 2318 769 2374 ἀποφάσεις
792 2316 852 2367 ὡς
864 2319 1070 2375 ἂληθῶςε
1102 2333 1348 2375 quamquam
1372 2321 1499 2375 igitur
1525 2333 1595 2361 res
1626 2321 1718 2374 ipsa
1747 2331 1828 2359 nen
1858 2319 2026 2372 patitur,
2057 2324 2101 2359 ut
2130 2319 2421 2372 ἂντικείμεναι

388 2392 591 2434 referatur
628 2391 681 2433 ad
722 2391 976 2447 ἀποφάσεις
1013 2392 1149 2448 (quod
1192 2393 1232 2433 in
1273 2393 1549 2448 sequentibus
1588 2392 1640 2434 ab
1679 2392 1913 2433 Aristotele
1953 2390 2236 2446 ostenditur),
2283 2398 2421 2432 tamen

388 2465 520 2506 verba
546 2466 603 2507 ita
628 2472 868 2521 comparata
897 2472 1014 2519 sunt,
1054 2472 1124 2521 ut,
1166 2467 1244 2507 nisi
1280 2479 1336 2508 ex
1374 2464 1629 2518 ἀποφάσεις
1659 2463 1819 2518 φάσεις
1857 2465 2011 2505 elicere
2053 2465 2197 2516 malis,
2242 2463 2294 2504 ad
2325 2465 2423 2505 nihil

388 2538 500 2579 aliud
529 2541 664 2593 possit
691 2540 848 2580 referri.
905 2539 1071 2581 Clarius
1099 2539 1278 2579 dixisset
1317 2536 1345 2580 ἇὶ
1387 2537 1628 2580 ἀντίκειται
1666 2549 1740 2589 pro
1782 2537 1827 2577 αἱ
1866 2535 2172 2589 άντικείμεναι.
2233 2537 2423 2577 Similem

390 2614 745 2654 constructionem
775 2612 976 2663 habemus
1006 2624 1044 2654 c.
1072 2611 1125 2664 8,
1155 2624 1198 2666 p.
1228 2609 1381 2652 18:20
1411 2606 1524 2666 αὕτη
1555 2609 1709 2663 (intell.
1740 2606 1763 2664 ἣ
1796 2607 2072 2658 κατάφασις)
2106 2605 2160 2650 ου’
2184 2608 2261 2663 μία
2291 2607 2423 2651 κατά.

393 2685 549 2736 φάσις.
603 2687 792 2741 Sopbist.
820 2686 996 2727 Elench.
1040 2697 1077 2728 c.
1105 2685 1187 2739 24,
1232 2697 1272 2738 p.
1306 2682 1493 2724 1⁷91)ae
1529 2681 1583 2724 οὐ
1615 2680 1699 2740 γάρ
1731 2680 1845 2724 ἐστιν
1874 2678 1988 2736 αὕτη
2019 2679 2172 2731 λύσις,
2222 2680 2262 2721 h.
2290 2693 2328 2721 e.
2373 2680 2428 2724 ου’

389 2758 474 2814 ’γάρ
507 2756 620 2813 αὕτη
653 2758 676 2811 ἦ
706 2757 837 2803 λύσις
866 2755 996 2802 λύσις
1026 2755 1152 2798 ἐστίν.
1209 2757 1356 2808 Topic.
1384 2756 1502 2795 VIII.
1544 2767 1582 2794 c.
1614 2754 1691 2807 13,
1748 2768 1785 2808 p.
1818 2753 1997 2793 16:3a15
2026 2751 2162 2798 εἴτις
2191 2753 2429 2810 ἂντικειμὲ·

394 2845 473 2873 νας
503 2830 738 2885 αἰτήσαιτο
769 2830 906 2883 φάσιν
938 2828 1009 2870 καὶ
1042 2828 1296 2878 ἀπόφασιν,
1348 2840 1594 2881 quamquam
1625 2828 1760 2866 minus
1790 2825 2040 2881 probandum
2071 2832 2141 2865 est
2170 2826 2281 2880 quod
2315 2828 2426 2881 legi-

392 2907 460 2942 tur
487 2902 553 2942 De
581 2903 715 2943 anima
745 2904 776 2944 I.
816 2915 853 2944 c.
882 2903 933 2956 2,
987 2916 1029 2956 p.
1057 2900 1243 2942 404a26
1274 2899 1566 2956 Αναξαγόρας
1595 2899 1761 2955 ψυχὴν
1801 2894 1905 2942 εἶναι
1946 2897 2063 2952 λέγει
2093 2897 2171 2952 τὴν
2205 2900 2423 2941 κινοῦσαν.

391 2997 445 3006 --
470 2976 691 3018 Sententia
719 2978 851 3018 nostri
881 2978 960 3018 Ioci
989 2977 1095 3017 haec
1120 2980 1198 3016 est.
1254 2974 1302 3015 Si
1332 2974 1427 3028 quis
1458 2974 1528 3014 vel
1560 2973 1734 3014 verbum
1772 2973 1842 3012 vel
1872 2984 2018 3011 nomen
2049 2969 2205 3011 nudum
2239 2984 2424 3025 pronun-

392 3047 468 3089 tiat
495 3061 589 3090 cum
619 3051 861 3106 negatione,
901 3063 1038 3105 neque
1063 3061 1211 3090 verum
1240 3053 1308 3088 est
1338 3060 1475 3102 neque
1503 3047 1653 3089 falsum
1684 3045 1793 3101 quod
1821 3045 1919 3086 dicit
1950 3045 2225 3098 (quibuscum
2255 3045 2426 3097 conspi-

395 3125 487 3162 rant
515 3133 623 3176 quae
651 3122 853 3165 habemus
882 3134 917 3163 c.
948 3121 998 3175 1,
1035 3134 1073 3175 p.
1105 3121 1258 3163 162oe
1285 3119 1382 3178 περὶ
1411 3120 1498 3177 γάρ
1530 3116 1730 3164 σύνθεσιι)
1763 3121 1836 3162 καί
1864 3117 2069 3175 διαίρεσίν
2103 3117 2193 3162 ἐστι
2225 3117 2277 3161 τό
2311 3118 2426 3169 xlm]-

397 3191 474 3238 δος
515 3194 586 3235 καὶ
625 3193 680 3239 τό
721 3194 903 3253 ἀληθές.
946 3192 1005 3237 τοὶ
1047 3192 1124 3252 μὲν
1166 3186 1242 3239 οὖν
1287 3192 1485 3252 ὀνόματα
1527 3191 1646 3237 αὐτοὶ
1677 3189 1748 3235 καὶ
1780 3190 1836 3235 ‘rii
1876 3189 2052 3250 ῥήματα
2085 3188 2201 3235 ἔοικε
2231 3190 2294 3244 τῷ
2324 3185 2426 3233 ἅιευ

400 3266 650 3315 συνθέσεως
682 3267 754 3310 καὶ
787 3266 1036 3329 διαιρέσεως
1065 3267 1276 3326 νοήματι,
1325 3267 1417 3313 οἷον
1457 3267 1510 3312 ‘ro‘
1554 3264 1793 3327 ἅνθρωπος
1860 3263 1885 3324 ἢ
1916 3264 1971 3310 ‘ro‘
2001 3265 2188 3315 λευκόν.
2235 3261 2342 3307 ὅταν
2369 3261 2428 3322 μὴ

2030 3341 2059 3382 3

2494 636 2538 677 ³
