2863 3785
18 0 330 54 «νεῖν

1433 356 1477 412 9

383 506 532 562 homo,
578 510 710 551 Valet
747 508 884 550 omnis
910 509 1164 551 Non-homo
1187 529 1247 538 -
1271 508 1371 549 Non
1410 508 1530 549 valet
1567 504 1994 561 omnis‘Non-homo.
2049 505 2161 550 Nam
2190 519 2274 549 non
2312 503 2529 554 dicendum

382 588 454 622 est
483 582 630 624 Omnis
657 583 806 636 homo,
854 582 932 622 sed
962 584 1086 636 Non,
1132 581 1324 635 negatio,
1373 592 1467 623 cum
1495 566 1661 622 homine
1702 579 2000 634 conjungenda
2027 588 2109 624 est.
2166 583 2280 624 Nam
2309 582 2421 637 quod
2449 584 2528 625 ad·

384 652 496 694 ditur
525 656 685 709 omnis,
727 654 768 696 id
798 667 880 696 non
909 656 1122 711 significat
1160 654 1337 696 alterum
1366 655 1567 696 universe
1597 652 1832 709 praedicari
1860 653 1914 694 ‹le
1942 655 2097 707 altero,
2142 655 2219 696 sed
2249 654 2305 696 de
2332 656 2533 699 universo

382 726 532 766 altero.
579 727 852 769 Manifestum
881 741 984 770 vero
1013 726 1054 768 id
1082 733 1153 767 est
1183 739 1239 767 ex
1268 727 1351 768 hoc
1409 727 1536 768 Valet
1563 727 1687 768 homo
1714 749 1770 759 -·
1797 728 1897 767 Non
1926 728 2043 767 valet
2070 727 2216 776 homo,
2247 729 2377 769 Valet
2405 729 2533 770 Non-

383 797 508 840 homo
533 823 586 830 —-
613 802 714 842 Non
741 801 859 842 valet
885 800 1152 843 Non-homo.
1208 800 1405 855 Namque
1440 800 1546 841 haec
1575 799 1627 840 ab
1656 800 1738 840 illis
1769 798 1967 840 differunt
1995 811 2076 853 eo,
2103 800 2211 853 quod
2242 814 2321 842 non
2352 800 2406 843 de
2434 802 2532 844 uni-

382 883 513 913 verso
540 873 805 926 praedicatur
832 875 1032 915 alterum:
1071 886 1224 927 quare,
1253 874 1291 914 si
1318 873 1482 915 additur
1511 875 1647 914 omnis
1675 874 1748 913 vel
1777 875 1942 927 nullus,
1981 873 2019 914 id
2051 874 2149 914 nihil
2178 875 2285 917 aliud
2317 878 2535 931 significat

384 955 507 997 quam
546 946 862 987 affirmationem
903 947 975 986 vel
1015 947 1282 999 negationem
1315 946 1368 986 de
1411 948 1614 986 universo
1651 946 1817 986 nomine
1857 946 2143 999 accipiendam
2182 961 2292 988 esse.
2349 951 2533 1005 Reliqua

382 1023 523 1060 autem
552 1017 701 1059 eadem
729 1016 965 1072 adjicienda
992 1024 1102 1058 sunt.

549 1091 687 1144 Quum
727 1107 831 1133 vero
869 1092 1133 1132 affirmationi
1174 1093 1306 1134 Omne
1343 1093 1493 1134 animal
1532 1093 1695 1145 justum
1733 1098 1813 1136 εει,
1840 1092 2048 1132 contraria
2087 1092 2143 1131 sit
2182 1095 2375 1148 negatio,
2419 1108 2530 1149 quae

381 1163 540 1204 nullum
568 1166 717 1205 animal
743 1165 902 1219 justum
933 1177 1034 1205 esse
1061 1165 1298 1218 contendit,
1339 1166 1416 1206 has
1445 1164 1609 1218 quidem
1639 1178 1777 1218 neque
1808 1177 1989 1217 unquam
2013 1165 2134 1204 simul
2164 1178 2291 1205 veras
2319 1180 2417 1207 esse
2446 1182 2529 1208 ne-

383 1247 467 1290 que
494 1235 547 1276 de
576 1236 723 1278 eodem
752 1238 954 1279 enuntiari
982 1248 1111 1291 posse
1139 1238 1402 1278 manifestum
1430 1243 1499 1278 est
1516 1266 1531 1288 ,
1582 1250 1691 1291 quae
1718 1249 1823 1277 vero
1853 1236 1918 1276 his
1947 1238 2169 1290 oppositae
2196 1245 2294 1279 sunt
2322 1240 2528 1282 interdum

383 1315 608 1361 poterunt,
637 1323 673 1350 e.
703 1323 744 1364 g.
801 1311 899 1350 Non
930 1322 1051 1350 omne
1078 1311 1227 1350 animal
1252 1310 1415 1363 justum
1461 1316 1529 1350 est
1558 1317 1600 1350 et
1630 1311 1708 1350 Est
1744 1308 1912 1363 aliquod
1948 1310 2096 1349 animal
2137 1310 2309 1364 justum.
2368 1314 2527 1354 Harum

382 1393 489 1421 vero
515 1383 635 1423 alteri
661 1384 794 1424 altera
822 1386 1115 1437 consequitur,
1143 1384 1417 1424 enuntiationi
1447 1383 1595 1425 Omuis
1627 1384 1750 1424 homo
1780 1395 1862 1422 non
1889 1382 2031 1436 justus
2061 1389 2129 1423 est
2157 1385 2381 1426 enuntiatio
2409 1386 2527 1427 Nul-

384 1453 452 1495 lus
481 1455 603 1496 homo
638 1456 783 1509 justus
821 1463 914 1509 est,
969 1462 1013 1497 et
1048 1457 1322 1497 enuntiationi
1352 1458 1432 1497 Est
1472 1458 1624 1512 aliquis
1670 1458 1793 1497 homo
1827 1457 1970 1510 justus
2013 1459 2238 1499 enuntiatio
2266 1459 2363 1500 Non
2393 1461 2529 1501 omnis

381 1528 506 1571 homo
537 1543 616 1570 non
641 1529 785 1583 justus
814 1537 902 1571 est:
938 1543 1029 1571 nam
1059 1543 1241 1571 necesse
1270 1537 1338 1570 est
1365 1531 1545 1584 aliquem
1573 1543 1674 1571 esse
1699 1530 1876 1583 justum.
1933 1532 2125 1583 Apparet
2152 1538 2288 1572 autem
2317 1532 2369 1573 de
2398 1535 2528 1574 rebus

382 1602 669 1657 singularibus
699 1603 997 1657 interrogatum
1027 1603 1233 1657 aliquem,
1280 1604 1317 1643 si
1347 1616 1497 1644 verum
1535 1605 1592 1644 sit
1632 1616 1816 1657 negare,
1868 1610 1985 1644 recte
2022 1617 2115 1644 eum
2145 1606 2267 1645 etiam
2296 1605 2527 1648 affirmare.

381 1675 493 1717 sicut
522 1675 655 1715 Estne
684 1670 1125 1729 Socratessapiens‘3
1153 1676 1267 1715 Non.
1327 1677 1533 1716 Socrates
1559 1676 1688 1729 igitur
1727 1688 1808 1715 non
1851 1676 2036 1729 sapiens.
2090 1676 2156 1716 De
2194 1676 2318 1716 rebus
2349 1680 2527 1720 univer-

384 1748 544 1789 salibus
571 1761 675 1787 vero
704 1748 922 1787 affirmatio
952 1760 1031 1787 non
1060 1759 1165 1786 vera
1192 1753 1285 1798 est,
1328 1760 1436 1801 quae
1464 1748 1547 1788 hoc
1576 1748 1697 1788 modo
1727 1748 1958 1800 profertur,
2005 1748 2081 1788 sed
2112 1752 2283 1800 negatio
2311 1734 2413 1791 vera
2443 1758 2527 1805 est,

381 1819 494 1860 sicut
522 1819 658 1860 Εειυε
686 1819 817 1860 omnis
845 1819 967 1860 homo
994 1814 1204 1873 sapiens‘?
1264 1820 1376 1861 Non.
1434 1820 1581 1862 Omnis
1623 1820 1746 1860 homo
1785 1821 1912 1874 igitur
1951 1833 2032 1861 non
2070 1821 2263 1874 sapiens:
2312 1837 2404 1863 nam
2445 1824 2529 1866 hoc

382 1891 535 1933 falsum
572 1898 665 1945 est,
705 1905 852 1932 verum
881 1899 949 1933 est
976 1899 1117 1932 autem
1146 1892 1246 1932 Non
1275 1892 1410 1933 omnis
1438 1893 1562 1933 homo
1594 1895 1788 1946 sapiens:
1840 1893 1947 1934 haec
1977 1894 2205 1933 enuntiatio
2234 1901 2374 1942 autem
2403 1897 2525 1937 alteri

382 1965 602 2020 oppossita
633 1971 702 2005 est
722 1996 733 2018 ,
762 1966 832 2006 illa
863 1978 968 2006 vero
998 1965 1216 2006 contraria.

542 2039 797 2079 Infinitorum
825 2052 930 2081 vero
960 2039 1168 2080 nominum
1207 2044 1252 2080 et
1279 2037 1503 2080 verborum
1532 2039 1844 2093 oppositiones,
1894 2045 1941 2080 ut
1969 2040 2009 2080 in
2037 2039 2289 2081 Non-homo
2319 2045 2361 2081 et
2391 2041 2521 2082 Non-

377 2115 548 2170 justus,
578 2117 844 2168 negationum
874 2113 1201 2169 quodammodo,
1231 2127 1339 2169 quae
1368 2114 1532 2154 nomine
1560 2120 1604 2154 et
1632 2114 1764 2154 verbo
1792 2118 1985 2165 careant,
2024 2113 2210 2166 speciem
2239 2112 2414 2166 habent,
2443 2112 2523 2154 sed

381 2201 534 2230 revera
561 2201 643 2228 non
672 2195 769 2229 sunt
797 2188 1067 2242 negationes:
1118 2189 1262 2241 utique
1300 2188 1407 2228 enim
1446 2199 1628 2228 necesse
1667 2194 1735 2228 est
1775 2188 2039 2240 negationem
2076 2198 2222 2227 veram
2262 2188 2333 2228 vel
2373 2187 2522 2229 salsam

381 2275 506 2316 esse,
547 2267 591 2302 at
619 2262 685 2315 qui
715 2260 816 2302 dicit
843 2261 1092 2302 Non-homo
1121 2273 1202 2301 non
1232 2262 1370 2314 magis
1402 2273 1525 2314 quam
1556 2261 1624 2314 qni
1655 2260 1755 2301 dicit
1783 2261 1946 2315 Homo,
1994 2259 2071 2301 sed
2101 2260 2223 2300 etiam
2253 2261 2386 2301 minus
2416 2275 2522 2316 pro-

381 2337 476 2377 tulit
503 2334 655 2388 aliquid
687 2335 776 2374 veri
806 2335 875 2374 vel
903 2334 1023 2386 falsi,
1067 2335 1144 2373 nisi
1175 2335 1212 2374 si
1241 2334 1338 2388 quid
1368 2334 1602 2387 adjiciatur.
1660 2334 1898 2375 Enuntiatio
1927 2341 2064 2375 autem
2094 2334 2239 2375 Omnis
2267 2336 2522 2376 Non-homo

383 2408 525 2463 justus
564 2414 742 2447 estnon
781 2406 891 2446 idem
927 2406 1143 2460 significat
1181 2406 1290 2460 quod
1332 2419 1608 2460 quaecunque
1644 2407 1831 2460 illarum,
1874 2419 2009 2460 neque
2047 2419 2155 2460 quae
2194 2407 2292 2446 huic
2328 2409 2524 2461 opposita

380 2489 451 2522 est
470 2483 568 2521 Non
597 2487 664 2520 est
692 2480 824 2519 omnis
843 2479 1096 2520 Non-homo
1121 2479 1278 2531 justus.
1303 2480 1449 2521 Omnis
1477 2493 1559 2520 non
1585 2479 1730 2533 justus
1752 2482 1848 2521 Non
1873 2481 1994 2519 homo
2017 2485 2085 2518 εει
2112 2491 2219 2519 vcro
2240 2480 2349 2518 idem
2378 2481 2522 2534 sigui-

379 2553 481 2595 ficat
511 2551 621 2607 quod
653 2553 809 2593 Nullus
834 2551 978 2605 justus
1005 2552 1258 2592 Non-homo
1288 2558 1367 2592 est.

543 2626 819 2677 'transposita
849 2630 985 2666 autem
1016 2624 1179 2664 nomina
1208 2630 1250 2664 et
1278 2623 1409 2664 verba
1437 2622 1545 2664 idem
1573 2623 1836 2678 significant,
1864 2622 1974 2662 sicut
2003 2623 2082 2662 Est
2110 2622 2230 2662 albus
2259 2622 2408 2676 homo,
2439 2625 2524 2666 Est

380 2698 504 2738 homo
542 2697 677 2739 albus,
733 2698 843 2738 Nam
886 2696 922 2737 si
963 2696 1045 2737 hoc
1081 2709 1162 2737 non
1205 2702 1293 2749 est,
1336 2695 1529 2749 ejusdem
1567 2696 1861 2736 enuntiationis
1902 2697 2045 2749 plures
2095 2697 2346 2749 negationes
2385 2703 2525 2741 erunt.

379 2770 720 2811 Demonstratum
749 2773 822 2810 εει
844 2775 983 2809 autem
1014 2782 1134 2809 unam
1164 2782 1262 2809 esse
1290 2769 1427 2809 unius.
1481 2770 1592 2809 Nam
1618 2770 1913 2809 enuntiationis
1940 2770 2020 2809 Est
2046 2769 2168 2810 albus
2195 2770 2319 2810 homo
2349 2771 2523 2824 negatio

372 2848 462 2883 est.
516 2843 614 2883 Non
643 2848 711 2882 εει
736 2842 857 2882 albus
887 2842 1037 2894 homo,
1078 2841 1370 2881 enuntiationis
1399 2854 1505 2881 vero
1536 2842 1671 2881 Homo
1699 2842 1820 2881 albus
1850 2848 1940 2895 est,
1988 2842 2026 2881 si
2054 2854 2136 2882 non
2165 2841 2313 2882 eadem
2342 2848 2413 2883 est
2442 2857 2522 2883 ne-

323 2931 326 2932 ’
380 2915 496 2968 gatio
525 2928 633 2968 quae
662 2913 955 2953 enuntiationis
990 2913 1070 2953 Est
1098 2913 1219 2952 albus
1256 2912 1405 2964 homo,
1456 2914 1625 2966 negatio
1663 2914 1744 2954 erit
1784 2921 1856 2955 aut
1884 2916 1982 2955 Non
2021 2920 2090 2954 est
2116 2914 2371 2955 Non-homo
2403 2916 2521 2955 albus

379 2991 452 3028 aut
479 2987 578 3027 Non
610 2992 677 3026 est
702 2985 824 3025 homo
853 2984 984 3025 albus.
1036 2985 1186 3025 Altera
1213 2990 1352 3024 autem
1382 2985 1552 3038 negatio
1580 2990 1648 3025 est
1675 2986 1971 3027 enuntiationis
1999 2987 2080 3027 Est
2102 2986 2360 3027 Non-homo
2387 2988 2518 3040 albus,

380 3059 513 3100 altera
540 3071 644 3099 vero
673 3058 965 3100 enuntiationis
993 3057 1073 3098 Est
1100 3057 1220 3098 albus
1253 3056 1398 3098 homo:
1442 3069 1572 3110 quare
1601 3059 1723 3100 unius
1751 3058 1861 3101 duae
1888 3060 2136 3114 negationes
2164 3067 2300 3103 erunt.
2358 3062 2516 3101 Trans-

382 3132 518 3188 posito
545 3131 675 3186 igitur
706 3132 869 3173 nomine
897 3137 940 3172 et
966 3131 1098 3172 verbo
1127 3129 1301 3172 eandem
1330 3129 1420 3171 fieri
1448 3129 1766 3174 alfii-mationem
1794 3139 1837 3174 et
1865 3133 2129 3187 negationem
2159 3139 2348 3188 apparet.

544 3203 639 3257 Qua
667 3203 720 3244 de
748 3217 795 3245 re
822 3211 973 3260 agatur
1002 3205 1083 3246 hoc
1112 3205 1249 3259 capite
1285 3203 1371 3258 J'am
1408 3217 1538 3259 supra
1566 3204 1864 3247 indicavimus:
1913 3221 2093 3263 namque
2136 3207 2373 3250 19115-14
2409 3218 2517 3260 quae

380 3281 465 3321 sint
491 3279 694 3332 simplicis
721 3280 1016 3322 enuntiationis
1045 3285 1187 3333 partes
1216 3278 1450 3332 exponitur.
1508 3280 1662 3320 Restat
1689 3280 1840 3334 igitur,
1892 3287 1938 3321 ut
1967 3280 2158 3323 dicamus
2187 3281 2240 3321 de
2266 3279 2458 3331 singulis.

385 3351 513 3392 19115
543 3348 635 3391 ἐστι’
663 3365 706 3391 τι
738 3350 854 3393 κατὰ
882 3366 1012 3399 τινος,
1036 3350 1060 3408 ἦ
1100 3349 1374 3405 κατάφασις.
1435 3349 1694 3405 Quamquam
1724 3351 1764 3391 in
1793 3353 1918 3407 priori
1945 3355 2150 3397 orationis
2177 3351 2357 3394 membro
2392 3350 2515 3392 altir-

2120 3430 2149 3472 2
