2863 3785
1395 245 1440 304 3

347 401 540 457 quoniam
578 398 631 441 ab
659 397 860 440 Her-mino
887 404 931 439 et
957 384 1142 453 Aspasia
1173 403 1215 438 et
1242 397 1489 439 Alexandro
1516 398 1806 451 expositiones
1845 399 2034 453 singulas
2077 400 2342 454 prolerentes
2369 405 2492 445 multa

346 474 552 516 contraria
582 478 626 514 et
655 472 696 512 in
719 470 1049 524 expositionibus
1079 471 1188 511 male
1214 470 1267 511 ab
1297 471 1379 512 illis
1407 470 1530 512 editis
1558 470 1804 513 dissidentia
1833 480 2089 526 repererunt,
2118 474 2343 515 arbitratos
2364 475 2494 517 fuisse

347 548 492 589 librum
522 546 635 587 hunc
662 545 902 587 Arisiotelis
932 553 974 587 ut
1003 544 1175 599 dignum
1204 550 1324 586 esset
1349 545 1499 598 exponi
1530 545 1696 587 omnino
1727 558 1808 585 nou
1841 558 1993 597 posse,
2023 548 2259 602 multosque
2284 549 2356 588 illo
2382 555 2493 589 tem·

345 630 447 672 pore
476 619 593 658 viros
625 623 755 659 totam
786 617 910 670 hujus
940 618 1029 659 libri
1061 618 1333 670 praeteriisse
1359 617 1615 672 doctrinam,
1660 617 1771 673 quod
1812 619 2141 673 inexplicabilem
2172 630 2366 676 putarent
2394 637 2495 664 esse

343 691 607 745 caliginem«
665 690 786 743 Quae
815 704 941 745 quum
969 692 1026 732 ita
1056 691 1163 743 sint,
1194 704 1275 732 non
1305 690 1471 733 videtur
1498 705 1522 733 a
1551 678 1770 747 proposito
1814 693 1993 732 alienum
2034 693 2203 736 brevem
2234 698 2364 737 totius
2404 697 2495 738 libri

344 771 619 817 conspectum
649 766 938 818 praemittere,
990 771 1213 818 antequam
1240 778 1415 818 agamus
1447 765 1501 806 de
1538 778 1590 806 eo
1621 766 1741 817 loco,
1788 778 1912 818 quem
1951 766 2003 805 ad
2044 768 2333 818 explicandum
2373 770 2494 809 nobis

343 837 564 892 elegimus.

507 914 604 963 Cap.
631 914 671 953 1.
729 909 860 964 Quam
891 909 1093 952 rationem
1125 909 1302 952 babeant
1331 923 1441 965 quae
1468 911 1648 952 animum
1678 910 1866 952 alliciant
1895 909 1947 951 ad
1977 925 2026 952 ea
2056 926 2164 965 quae
2194 913 2334 955 horum
2365 917 2490 970 signa

341 983 425 1023 siut
454 991 653 1038 externa,
694 986 927 1039 exponitur.
983 984 1144 1025 verum
1173 991 1215 1024 et
1245 984 1395 1026 falsum
1436 991 1482 1025 ut
1511 985 1551 1024 in
1582 984 1718 1024 animo
1747 984 1812 1025 sic
1850 984 1889 1024 in
1921 984 2107 1025 oratione
2136 999 2214 1027 non
2245 987 2283 1027 in
2313 988 2362 1028 iis
2391 997 2490 1030 sunt

344 1068 453 1109 quae
482 1057 651 1110 singula
680 1058 971 1111 proferuntur,
1014 1055 1090 1096 sed
1121 1057 1159 1095 in
1189 1058 1238 1095 iis
1269 1068 1377 1110 quae
1407 1055 1647 1109 conjuncta.

505 1135 603 1181 vap.
633 1134 672 1169 2.
731 1128 939 1169 Definitur
967 1141 1128 1168 nomen.
1184 1129 1336 1169 Partes
1366 1129 1545 1168 nominis
1587 1134 1631 1168 et
1658 1128 1860 1181 simplicis
1889 1133 1932 1168 et
1959 1130 2179 1182 compositi
2208 1131 2304 1172 nihil
2337 1146 2410 1186 per
2438 1147 2488 1176 se

340 1186 456 1239 solae
484 1202 735 1253 significant.
791 1203 959 1240 Nomen
990 1213 1080 1240 cum
1111 1203 1336 1254 negatione
1366 1201 1636 1252 conjunctum
1668 1213 1748 1239 non
1779 1207 1854 1259 est·
1876 1214 2039 1241 nomen.
2093 1202 2232 1242 Casus
2263 1208 2435 1246 nominis
2461 1221 2486 1247 a

338 1273 503 1313 nomine
529 1274 621 1327 ipso
650 1286 701 1314 eo
731 1272 957 1325 differunt,
999 1272 1107 1326 quod
1138 1286 1233 1314 cum
1265 1273 1396 1314 verbo
1421 1285 1572 1316 nesse«
1603 1272 1818 1326 conjuncti
1849 1273 1946 1313 nihil
1978 1274 2068 1314 veri
2097 1262 2167 1315 vel
2196 1277 2289 1316 lalsi
2318 1278 2485 1320 habent.

406 1397 410 1400 ¹
504 1351 603 1400 Gap.
633 1352 669 1389 3.
727 1347 859 1389 Verbi
887 1346 1095 1396 definitio,
1125 1359 1233 1401 quae
1265 1360 1340 1401 per
1366 1353 1509 1401 partes
1537 1346 1785 1400 explicatur.
1840 1348 1996 1401 Neque
2023 1348 2195 1390 verbum
2226 1351 2359 1403 ipsum
2390 1367 2484 1395 cum

340 1422 565 1473 negatione
594 1419 864 1474 conjunctum
895 1422 1066 1461 verbum
1098 1429 1191 1475 est,
1233 1434 1370 1476 neque
1400 1433 1529 1460 casus
1558 1420 1691 1459 verbi.
1748 1420 1962 1473 Verbum,
1993 1421 2102 1474 quod
2133 1434 2206 1475 per
2234 1435 2282 1464 se
2308 1433 2485 1479 specta·
2512 1423 2515 1426 ¹

339 1501 425 1533 tum
457 1509 605 1533 nomen
634 1502 723 1546 est,
753 1508 834 1534 non
863 1495 1075 1546 significat
1102 1493 1256 1546 aliquid
1285 1495 1376 1532 veri
1406 1495 1476 1532 vel
1506 1494 1601 1531 salsi
1630 1495 1709 1531 nisi
1740 1493 2011 1545 conjunctum
2042 1505 2136 1532 cum
2165 1497 2339 1536 nomine.

501 1572 600 1616 Cap.
643 1574 688 1608 4.
746 1568 951 1607 Definitur
986 1568 1130 1606 oratio.
1189 1567 1369 1606 Omissis
1411 1568 1583 1620 reliquis
1624 1566 1825 1604 orationis
1862 1566 2091 1619 generibus
2130 1568 2171 1606 in
2211 1571 2484 1622 sequentibus

338 1645 490 1691 agetur
518 1638 571 1678 de
601 1641 892 1679 enuntiatione.

501 1715 600 1761 Cap.
629 1718 669 1750 6.
725 1712 961 1750 Enuutiatio
1001 1718 1074 1750 aut
1113 1712 1295 1763 simplex
1330 1717 1399 1750 est
1437 1717 1509 1750 aut
1547 1711 1803 1763 composita:
1848 1710 1940 1748 sine
1968 1709 2100 1749 verbo
2129 1712 2355 1754 enuntiatio
2384 1726 2484 1754 esse

339 1796 418 1823 non
448 1790 604 1836 potest.

499 1859 595 1907 Cap.
624 1861 664 1895 6.
720 1854 957 1895 Enuntiatio
991 1860 1065 1896 aut
1093 1853 1308 1897 affirmans
1336 1861 1404 1897 est
1427 1861 1500 1897 aut
1528 1867 1714 1909 negans:
1743 1854 1853 1895 omni
1876 1852 2139 1899 affirmationi
2168 1858 2319 1910 opponi
2340 1866 2484 1911 potest

337 1926 505 1981 negatio
536 1938 644 1980 quae
673 1939 763 1967 eam
795 1927 913 1968 tollit.

500 2004 596 2051 Cap.
627 2004 665 2041 7.
723 1999 842 2051 Quae
881 1999 1108 2041 enuntiatio
1145 2000 1202 2041 sit
1251 2000 1528 2053 universalis,
1577 2013 1685 2053 quae
1729 1998 2017 2053 particularis,
2069 2001 2300 2054 exponitur.
2358 2002 2480 2054 Quod

338 2070 602 2126 praedicatur
638 2084 719 2113 non
758 2071 881 2113 debet
921 2072 1162 2114 universum
1203 2072 1323 2115 sumi.
1381 2072 1502 2126 Quae
1541 2072 1625 2113 sint
1666 2073 1976 2114 enuntiationes
2017 2080 2324 2127 repugnantes,
2372 2089 2482 2129 quae

335 2146 580 2185 contrariae.
640 2145 882 2186 Contrariae
911 2145 1034 2186 simul
1074 2158 1205 2186 verae
1244 2158 1345 2187 esse
1381 2159 1462 2186 non
1501 2151 1695 2199 possunt.
1753 2147 1789 2187 Ε
1820 2146 2150 2200 repugnantibus
2177 2148 2309 2189 altera
2338 2149 2484 2203 utique

335 2231 438 2258 vera
479 2223 570 2269 cst,
611 2218 744 2259 altera
783 2218 903 2260 falsa.
964 2218 1290 2260 subcontrariae
1317 2219 1438 2259 simul
1476 2230 1607 2258 verae
1647 2231 1748 2259 esse
1786 2226 1987 2273 possunt:
2038 2231 2130 2259 nam
2159 2220 2370 2261 indefinita
2399 2235 2481 2262 ne-

334 2293 449 2346 gatio
477 2305 557 2332 non
585 2291 694 2333 idem
724 2294 838 2333 valet
867 2292 977 2347 quod
1009 2294 1274 2333 universalis.
1331 2287 1465 2334 Unius
1493 2292 1783 2333 affirmationis
1821 2303 1900 2331 una
1943 2292 2083 2345 utique
2123 2297 2191 2333 est
2220 2294 2400 2347 negatio.

496 2370 595 2417 Cap.
625 2371 666 2405 8.
723 2366 816 2406 Una
844 2372 912 2405 est
940 2371 983 2406 et
1011 2366 1232 2406 affirmatio
1260 2371 1305 2407 et
1333 2366 1530 2420 negatio,
1582 2367 1623 2406 in
1661 2366 1811 2420 quibus
1849 2378 1972 2405 unum
2001 2364 2054 2406 de
2082 2378 2163 2407 uno
2192 2368 2482 2420 pronuntiatur

332 2446 377 2480 et
405 2452 513 2493 quae
541 2451 691 2480 vocem
718 2441 992 2493 aequivocam
1024 2453 1105 2480 non
1136 2441 1304 2481 habent.

497 2517 594 2564 Cap.
623 2517 663 2555 9.
719 2513 856 2553 Aliter
884 2518 1011 2565 atque
1039 2511 1078 2552 in
1109 2511 1235 2552 rebus
1264 2511 1557 2564 praesentibus
1585 2517 1628 2552 et
1647 2509 1882 2563 praeteritis
1911 2522 1980 2549 res
2009 2522 2058 2549 se
2087 2508 2214 2549 habet
2243 2509 2284 2549 in
2313 2509 2478 2551 futuris.

333 2585 383 2627 Si
411 2587 520 2627 enim
549 2584 602 2627 de
626 2585 778 2628 tuturis
806 2591 877 2628 aut
905 2585 1124 2627 affirmatio
1156 2598 1258 2626 vera
1287 2590 1354 2626 est
1392 2590 1465 2625 aut
1505 2584 1704 2638 negatio,
1748 2595 1876 2625 casus
1915 2582 2079 2623 omnino
2120 2582 2297 2635 tollitur3
2341 2592 2480 2638 neque

333 2669 414 2699 non
443 2659 600 2699 tollitur
627 2668 779 2710 casus,
807 2657 845 2698 si
871 2663 1058 2699 neutram
1089 2669 1234 2697 veram
1267 2667 1367 2697 esse
1395 2654 1528 2698 dicas.
1588 2654 1698 2708 Quid
1728 2653 1897 2695 absurdi
1925 2660 2210 2707 consequatur
2240 2666 2344 2694 casu
2372 2657 2480 2697 sub-

332 2730 417 2769 lato
446 2729 693 2772 ostenditur.
749 2730 882 2772 Multa
911 2735 1010 2772 sunt
1040 2741 1148 2784 quae
1177 2740 1258 2769 non
1299 2727 1405 2770 flunt
1444 2727 1711 2784 necessario,
1761 2726 1838 2769 sed
1880 2740 1936 2768 ex
1974 2737 2077 2768 casu
2115 2738 2327 2780 suspensa
2364 2737 2478 2775 sunt.

331 2802 471 2841 Solvit
500 2803 788 2855 quaestionem
818 2815 894 2855 eo,
935 2803 1044 2856 quod
1075 2802 1128 2842 de
1154 2802 1280 2842 rebus
1311 2803 1460 2842 tuturis
1487 2809 1530 2842 et
1558 2802 1730 2842 incertis
1759 2804 1935 2842 alterum
1966 2808 2101 2841 utrum
2133 2800 2297 2854 quidem
2327 2814 2475 2844 verum

331 2888 432 2916 esse
473 2876 624 2917 debeat
662 2877 758 2929 (aut
791 2876 1008 2917 affirmatio
1043 2883 1114 2917 aut
1153 2879 1370 2932 negatio),
1417 2888 1665 2931 quamquam
1701 2877 1877 2917 alterum
1919 2868 2290 2929 (ἂφώρισμὲνως)
2327 2888 2472 2917 verum

331 2961 430 2988 esse
457 2961 537 2987 non
569 2962 750 2989 necesse
778 2951 848 2992 sit.

493 3024 590 3073 Cap.
621 3026 692 3063 10.
747 3021 1053 3064 Enuntiationis
1079 3027 1235 3076 partes.
1292 3020 1453 3073 Quales
1483 3022 1568 3064 sint:
1601 3021 1759 3076 primae
1788 3019 2093 3063 enuntiationes
2122 3017 2367 3060 ostenditur.
2420 3017 2469 3059 Si

333 3093 509 3148 copula,
552 3105 660 3146 quae
689 3093 860 3149 dicitur,
903 3094 1119 3148 adjicitur,
1174 3099 1370 3149 quattuor
1398 3101 1570 3137 exstant
1598 3095 1928 3149 propositiones,
1977 3105 2087 3147 quae
2116 3104 2241 3146 quam
2269 3090 2467 3131 rationem

331 3166 438 3206 inter
465 3177 513 3205 se
545 3164 738 3218 habeant,
767 3168 1014 3220 exponitur3
1042 3172 1210 3208 exstant
1238 3171 1435 3219 quattuor
1463 3167 1583 3219 aliae,
1613 3167 1649 3206 si
1677 3167 1853 3207 alterum
1883 3165 1935 3206 de
1963 3167 2099 3207 altero
2128 3166 2324 3206 universo
2343 3175 2468 3216 prae-

331 3235 514 3292 dicatur3
542 3237 664 3294 aliae,
694 3239 731 3280 si
760 3239 870 3292 quod
891 3240 1159 3283 enuntiationi
1183 3239 1419 3293 subjectum
1447 3246 1515 3282 est
1544 3240 1721 3282 sumitur
1749 3239 1963 3282 infinitum.
2022 3241 2069 3281 ln
2096 3238 2244 3293 quibus
2272 3236 2466 3277 enuntia-

2078 3316 2098 3355 1
2130 3316 2158 3344 s
