2863 3780
459 1033 617 1095 Quum
649 1035 768 1078 nobis
798 1035 1059 1090 propositum
1089 1037 1144 1078 sit
1173 1034 1380 1078 decimum
1411 1043 1541 1091 eaput
1579 1037 1697 1092 libri,
1747 1053 1871 1095 quem
1903 1039 2284 1100 Aristoteleshrspi
2316 1043 2440 1101 ἑρμη-

292 1105 410 1153 νείας
438 1108 672 1165 inscripsit,
724 1109 962 1164 explicare‚
1010 1122 1090 1150 non
1128 1108 1297 1151 videtur
1335 1110 1387 1151 ab
1416 1110 1498 1152 hoc
1536 1111 1630 1152 loco
1674 1112 1885 1162 alienum,
1940 1119 2165 1168 antequam
2194 1127 2280 1156 rem
2309 1117 2442 1170 ipsam

294 1180 614 1236 aggrediamur,
652 1183 827 1237 primum
857 1194 1127 1237 praemonere
1156 1182 1361 1237 quaedam
1391 1183 1445 1224 de
1474 1183 1577 1225 libro
1608 1185 1809 1226 universo
1828 1219 1839 1235 ,
1883 1183 2036 1226 deinde
2063 1186 2186 1228 etiam
2215 1201 2441 1244 exponere,

295 1255 503 1309 quomodo
531 1257 727 1312 singula,
768 1256 821 1298 de
850 1257 998 1311 quibus
1026 1257 1108 1299 hoc
1137 1258 1232 1299 loco
1261 1257 1500 1313 disputetur
1540 1258 1648 1300 inter
1679 1271 1729 1300 se
1769 1258 2025 1300 cohaereant
2053 1265 2096 1300 et
2125 1271 2314 1302 connexa
2341 1263 2440 1315 sint,

296 1333 364 1380 ut,
394 1341 517 1383 quam
544 1331 745 1370 rationem
774 1329 951 1371 habeant
980 1343 1089 1386 quae
1117 1333 1318 1388 leguntur
1350 1333 1489 1388 eapite
1517 1332 1682 1376 decimo
1721 1330 1765 1375 et
1803 1333 1856 1375 ad
1901 1346 1952 1376 ea
1981 1345 2090 1388 quae
2118 1343 2443 1388 praecesserunt

296 1407 340 1441 et
369 1401 423 1441 ad
451 1415 500 1442 ea
531 1415 639 1455 quae
667 1409 924 1455 sequuntur,
957 1403 1125 1444 facilius
1154 1406 1450 1458 perspiciatur.

457 1475 527 1514 Ac
555 1475 730 1527 primum
759 1475 921 1529 quidem
950 1475 1003 1516 de
1033 1477 1122 1517 iibri
1145 1478 1414 1531 sinceritate,
1453 1490 1575 1533 quam
1606 1490 1663 1518 ex
1691 1478 1860 1532 graecis
1889 1478 2190 1532 interpretibus
2220 1491 2327 1520 unus
2354 1479 2439 1521 ad-

296 1545 502 1588 dubitavit
529 1548 799 1590 Andronicus
827 1550 1020 1591 Rhodius
1056 1554 1123 1600 (v,
1153 1552 1324 1592 Scholia
1362 1563 1471 1605 quae
1497 1552 1591 1592 coll.
1622 1550 1867 1591 Brandisius
1897 1563 1941 1603 p.
1968 1550 2178 1604 94:121),
2208 1564 2332 1605 quum
2360 1565 2442 1606 op-

297 1619 395 1659 time
423 1619 670 1662 disseruerit
700 1621 941 1662 Brandisius
968 1623 1009 1663 in
1037 1625 1191 1664 Museo
1224 1624 1456 1679 Rhenano,
1507 1636 1587 1665 nos
1615 1621 1781 1677 quidem
1812 1622 1894 1664 hoc
1932 1623 2027 1664 loco
2056 1623 2273 1677 copiosius
2302 1622 2443 1665 dicere

297 1691 637 1746 supersedemus,
667 1696 910 1749 praesertim
939 1707 1066 1750 quum
1094 1696 1186 1750 ipsa
1215 1695 1380 1738 dicendi
1407 1696 1530 1751 ratio,
1560 1709 1669 1750 quae
1696 1695 1738 1736 in
1764 1695 1867 1736 libro
1884 1692 1981 1752 περὶ
2011 1693 2243 1753 ἑρμηνείας
2270 1695 2442 1750 obtinet,

297 1769 543 1808 Aristoteiis
570 1768 667 1806 stilo
696 1768 751 1807 ita
777 1770 1016 1822 conveniat,
1044 1774 1091 1810 ut
1120 1781 1283 1810 omnem
1305 1768 1604 1809 dubitationem
1632 1781 1854 1808 removere
1882 1765 2088 1809 videatur.
2144 1767 2211 1808 De
2237 1767 2444 1810 divisione

298 1842 412 1892 libri,
453 1854 575 1896 quam
606 1848 778 1882 veteres
805 1842 1058 1895 interpretes
1086 1843 1380 1896 instituerunt,
1423 1843 1530 1884 satis
1558 1848 1628 1883 est
1656 1841 1898 1883 adscribere
1927 1852 2035 1896 quae
2065 1839 2165 1881 dicit
2195 1842 2444 1884 Ammonius

299 1916 339 1956 in
363 1915 659 1957 commentario
701 1917 830 1966 (Ven.
867 1916 992 1957 1545.
1019 1915 1114 1969 8⁰.)
1155 1915 1228 1956 fol.
1265 1915 1295 1956 6
1335 1929 1422 1971 sq.:
1474 1916 1538 1961 εἰς
1576 1914 1769 1972 τέσσαρα
1810 1913 2006 1973 ἐναργῶς
2049 1908 2191 1956 αὑτοῦ
2232 1914 2446 1969 τμήματα

300 1987 633 2044 διαιρουμένου,
678 1987 729 2030 τὸ
770 1988 847 2043 μὲν
883 1987 1061 2043 πρῶτόν
1104 1986 1196 2029 ἐστι
1241 1985 1338 2044 περὶ
1375 1988 1464 2028 τῶν
1495 1986 1652 2044 ἂρχῶν
1690 1988 1773 2029 τοῦ
1815 1986 2135 2037 ἀποφαντικοῦ
2178 1985 2322 2039 λόγου
2353 1984 2448 2037 (ed.

299 2061 410 2101 Bkk.
441 2075 480 2115 p.
511 2059 797 2113 16-17237)
828 2089 839 2101 .
869 2091 879 2102 .
908 2091 917 2100 .
948 2056 1001 2101 τὸ
1031 2057 1077 2101 δὲ
1107 2055 1309 2116 δεύτερον
1334 2060 1417 2102 τοῦ
1445 2059 1634 2110 βιβλίου
1668 2058 1920 2113 κεφάλαιον
1949 2063 2011 2112 (p.
2044 2058 2449 2110 17238—19b19)

299 2133 594 2191 παραδίδωσιν
625 2133 721 2191 ημῖν
753 2134 839 2181 τὰς
868 2130 1194 2181 ἂπλουστὰτας
1223 2130 1487 2191 προτάσεις.
1523 2131 1596 2176 καὶ
1628 2131 1753 2176 ἔσται
1781 2130 1878 2190 περὶ
1907 2128 2171 2187 προτάσεως
2202 2127 2302 2189 ἤτοι
2336 2129 2447 2173 ἁπο-

215 2262 230 2273 -
302 2208 511 2261 φὰνσειυς
546 2206 596 2262 ἐξ
637 2204 927 2263 ὑποκειμένου
969 2205 1041 2248 καὶ
1091 2205 1502 2263 κατηγορουμένου·
1535 2205 1587 2249 τὸ
1617 2205 1664 2248 δὲ
1693 2206 1843 2263 τρίτον
1886 2202 2313 2254 (19δ19-2Ῑα33)
2358 2204 2448 2248 τὰς

302 2276 475 2324 τούτων
509 2278 845 2336 συνθετωτὲρας
875 2277 944 2322 διὰ
975 2277 1054 2333 τὴν
1083 2279 1167 2321 τοῦ
1196 2277 1714 2336 προσκατηγορουμένου
1744 2277 2033 2333 προσθήκην,
2092 2274 2164 2318 καὶ
2195 2273 2321 2318 ἔσται
2349 2272 2449 2330 περὶ

300 2353 563 2412 προτάσεως
591 2349 690 2410 ἦτοι
719 2350 1020 2405 ἀποφάνσεως
1050 2350 1099 2405 ἐξ
1123 2347 1412 2405 ὑποκειμένου
1446 2349 1518 2392 καὶ
1553 2351 1945 2407 κατηγορουμένου
1977 2351 2049 2392 καὶ
2075 2351 2230 2407 τρίτου
2254 2364 2449 2406 προσκα·

302 2425 652 2484 τηγορουμὲνου·
682 2423 734 2468 τὸ
766 2423 809 2467 δὲ
839 2422 1055 2482 τέταρτον
1086 2420 1434 2476 (atam-fin.)
1463 2422 1551 2468 τὰς
1579 2423 1689 2477 μετὰ
1733 2423 1905 2478 τρόπου
1944 2420 2199 2477 προτάσεις.
2255 2424 2452 2475 Apparet

303 2499 422 2554 inde,
473 2500 510 2540 si
544 2511 649 2541 vera
677 2504 746 2540 est
774 2497 980 2540 Ammonii
1016 2496 1251 2546 sententia,
1298 2509 1430 2550 agere
1458 2496 1741 2538 Aristotelem
1770 2497 1811 2537 in
1841 2496 1923 2538 hoc
1951 2497 2055 2537 libro
2085 2495 2139 2537 de
2166 2497 2451 2537 enuntiatione

304 2572 425 2631 (περὶ
465 2572 783 2625 ἀποφαντικοῦ
832 2570 1030 2626 λόγου).
1082 2569 1192 2625 quod
1240 2569 1450 2624 quomodo
1500 2570 1764 2624 expresserit
1800 2570 1922 2610 titulo
1963 2566 2061 2626 περὶ
2100 2567 2325 2626 ἑρμηνείας
2362 2568 2451 2623 jam

305 2645 535 2689 videamus.
1998 2640 2005 2649 '

462 2717 718 2775 Ἑρμηνεὶαν
762 2718 1014 2771 interpretes
1052 2720 1169 2756 recte
1209 2719 1382 2755 vertunt
1420 2714 1883 2768 „inter-pretationem:
1928 2727 2057 2768 quare
2086 2719 2202 2756 certe
2230 2713 2340 2756 idem
2370 2729 2451 2757 non

305 2795 396 2843 est,
426 2803 521 2832 num
551 2790 697 2830 librum
725 2789 928 2830 inscribas
956 2784 1052 2844 περὶ
1083 2785 1309 2843 ἑρμηνείας
1336 2798 1389 2827 an
1417 2784 1514 2842 περὶ
1545 2786 1865 2838 ἀποφαντικοῦ
1899 2785 2069 2839 λόγους
2122 2791 2309 2827 attamen
2339 2799 2450 2840 quo-

307 2860 429 2902 modo
459 2867 634 2916 uterque
662 2861 807 2903 titulus
835 2858 970 2901 eidem
999 2857 1102 2899 libro
1132 2856 1379 2911 conveniat,
1430 2856 1588 2911 patebit
1625 2870 1683 2899 ex
1711 2857 1764 2900 iis
1810 2870 1918 2912 quae
1942 2857 2029 2911 jam
2058 2855 2263 2910 disputari
2291 2870 2448 2900 sumuS.

308 2934 565 2975 Aristoteles
593 2946 705 2974 voce
735 2931 958 2990 ἑρμηνείας
986 2933 1044 2972 ita
1072 2931 1224 2983 utitur,
1274 2935 1343 2983 ut,
1393 2929 1462 2969 ubi
1505 2930 1642 2971 minus
1670 2937 1882 2985 prematur
1921 2928 2202 2985 significatio,
2251 2929 2447 2987 ἑρμηνεία

309 3009 416 3049 idem
456 3008 547 3046 sere
584 3008 641 3047 sit
680 3007 792 3063 quod
832 3006 1088 3051 διὰλεκτοςε
1136 3017 1181 3045 ν.
1209 3016 1246 3044 e.
1275 3015 1319 3058 g.
1373 3005 1439 3045 De
1468 3005 1604 3045 anima
1631 3005 1685 3044 11.
1717 3015 1755 3045 c.
1784 3004 1832 3057 8,
1861 3017 1901 3057 p.
1930 3000 2123 3043 420b19
2161 3001 2228 3044 ed.
2257 3002 2364 3044 Bkk.
2392 3002 2446 3059 τῆ

309 3082 491 3137 γλώττη
521 3080 675 3133 (inteii.
706 3082 994 3138 καταχρῆται
1027 3096 1050 3135 η
1083 3075 1242 3132 φύσις)
1272 3075 1341 3120 ἐπί
1368 3094 1417 3121 τε
1446 3077 1524 3135 τὴν
1551 3077 1700 3133 γεῦσιν
1732 3073 1804 3119 καὶ
1833 3077 1912 3133 τὴν
1944 3074 2196 3126 διάλεκτον.
2230 3067 2285 3118 ὦν
2317 3074 2341 3130 ἡ
2369 3076 2447 3131 μὲν

310 3158 460 3214 γεῦσις
489 3154 756 3209 ἀναγκαῖον,
810 3157 834 3211 ἡ
881 3155 915 3198 δ’
955 3153 1154 3214 ἑρμηνεία
1185 3149 1318 3220 ’ἕνεκα
1355 3153 1438 3197 τοῦ
1480 3147 1544 3196 εὖ.
1603 3153 1670 3193 De
1697 3149 1890 3205 respirat.
1928 3162 1964 3192 c.
1994 3150 2071 3204 11,
2112 3163 2154 3205 p.
2181 3148 2366 3190 476219
2393 3150 2447 3207 τῇ

2050 3228 2070 3269 1
