2863 3780
1392 289 1484 347 14

458 443 622 496 omnia,
663 453 745 483 nou
781 438 936 494 poterit
977 437 1183 493 explicari
1224 440 1324 494 quid
1363 432 1435 484 sit*
1462 440 1515 486 τὸ
1559 438 1675 484 κατὰ
1716 437 1964 500 διάμετρον.
2019 443 2142 497 Quae
2178 442 2316 498 figura
2342 444 2511 488 adseri-

461 514 598 558 benda
624 513 679 555 sit
707 516 824 568 patet
851 524 877 553 e
907 522 974 553 vs.
1000 509 1085 565 313
1131 511 1254 554 locus
1281 514 1392 557 enim
1420 514 1741 569 Analyticorum
1781 525 1906 567 quem
1934 515 2036 559 dicit
2072 517 2110 558 is
2138 522 2232 570 est,
2252 504 2254 507 Α
2273 530 2398 571 quem
2423 517 2513 570 jam

461 600 587 641 supra
616 583 1038 630 commemoravimus
1065 582 1118 623 ad
1153 582 1332 637 191222,
1386 587 1454 627 ubi
1484 585 1536 628 τὸ
1567 589 1606 628 Γ
1639 585 1710 638 (τὸ
1758 580 1866 628 εἶναι
1898 587 1959 643 μὴ
1989 587 2181 641 δίκαιον)
2222 590 2387 644 ponitur
2423 586 2511 633 ῦπό

462 659 517 704 τό
542 663 577 702 Β
617 655 696 711 (τό
735 655 794 714 μὴ
836 652 943 700 εἶναι
984 655 1177 709 δίκαιον)
1218 663 1262 698 et
1300 655 1355 699 τό
1396 663 1433 700 Δ
1475 659 1552 710 (τό
1592 658 1650 714 μὴ
1692 654 1798 702 εἶναι
1835 656 1894 712 μὴ
1931 658 2120 713 δίκαιον)
2161 658 2248 706 ὑπὸ
2276 660 2329 706 τὸ
2359 667 2393 706 Δ
2432 660 2510 716 (τό

392 765 393 768 ,
461 728 568 775 εἶναι
599 729 806 784 δίκαιον).
864 729 1023 770 Tabula
1052 730 1182 783 igitur
1211 729 1293 770 hoc
1320 729 1445 771 modo
1473 729 1732 784 disponenda
1759 730 1858 772 erit:

555 800 651 845 ἔστι
681 801 852 848 δίκαιος
882 796 1140 858 ἅνθρωπος.
1612 799 1695 846 οὐκ
1726 800 1820 848 ἔστι
1857 801 2027 851 δίκαιος
2057 793 2310 864 ἅνθρωποξ.

557 869 642 917 οὐκ
673 872 790 916 ἔστιν
823 868 874 917 οὐ
908 871 1080 919 δίκαιος
1111 868 1375 930 ἅνθρωπος.
1617 871 1734 937 gost-tv
1767 871 1818 918 οὗ
1847 872 2016 922 δίκαιος
2045 872 2303 937 ἅνθρωπος,

459 949 557 991 Jam
595 952 771 1000 apparet
801 958 913 999 quae
941 946 998 986 sit
1026 944 1215 998 duplex,
1272 957 1395 998 quam
1427 944 1552 994 dicit,
1583 948 1792 1002 cujusque
1819 949 2113 991 enuntiationis
2141 952 2371 1005 oppositio:
2415 965 2508 993 nam

461 1031 738 1076 unaquaeque
768 1019 997 1060 enuntiatio
1027 1019 1252 1073 opponitur
1282 1019 1447 1072 utrique
1487 1030 1596 1072 quae
1634 1020 1675 1060 in
1711 1020 1842 1062 altera
1868 1022 1978 1062 serie
2006 1022 2239 1065 collocatae
2265 1030 2375 1066 sunt.
2430 1026 2509 1066 Fi-

461 1105 611 1150 guram
642 1093 774 1145 ipsam
818 1096 958 1133 autem
999 1091 1039 1133 in
1075 1095 1318 1132 contextum
1357 1089 1548 1142 recipere
1586 1089 1820 1145 noluimus,
1866 1105 1920 1133 ne
1960 1093 2284 1136 enuntiationum
2325 1095 2509 1137 ordinem

380 1196 386 1205 ,
462 1170 556 1222 (vs.
584 1166 643 1209 28
674 1177 739 1219 sq.
769 1169 813 1207 et
841 1177 910 1206 vs.
937 1163 1017 1216 34)
1056 1164 1274 1207 immutare
1312 1163 1450 1205 coacti
1480 1174 1677 1205 essemus
1715 1164 1888 1214 (etenim
1917 1162 2028 1218 quod
2056 1162 2157 1207 dicit
2198 1164 2368 1210 τούτου
2403 1167 2512 1211 lxvi-6-

465 1242 631 1290 (βασις,
663 1236 704 1278 id
734 1242 853 1279 certe
884 1250 964 1278 non
993 1236 1191 1290 impedit,
1221 1236 1317 1289 quin
1349 1235 1451 1276 ordo
1484 1241 1692 1287 mutetur,
1722 1238 1817 1288 quia
1846 1233 2015 1279 τούτου
2045 1237 2190 1279 referri
2217 1247 2360 1291 potest
2387 1249 2431 1281 et
2457 1241 2510 1281 ad

461 1312 503 1355 id
532 1310 643 1367 quod
673 1310 908 1364 praecessit
948 1315 992 1352 et
1033 1308 1085 1352 ad
1125 1307 1164 1350 id
1204 1307 1315 1362 quod
1347 1308 1590 1362 seqnitur),
1639 1307 1886 1360 praesertim
1914 1321 2060 1361 quum,
2108 1308 2146 1349 si
2184 1323 2252 1352 vs.
2280 1311 2339 1352 2⁷
2376 1321 2419 1353 et
2454 1311 2513 1353 33

464 1387 606 1441 ipsas,
634 1395 742 1439 quas
771 1382 812 1425 in
843 1388 1044 1426 contextu
1074 1381 1301 1435 habemus,
1345 1381 1656 1424 enuntiationes
1684 1380 1740 1423 ita
1771 1378 2055 1434 disposuimus
2096 1388 2142 1424 ut
2184 1381 2322 1438 figura
2357 1393 2511 1439 postu-

465 1460 547 1511 lat,
575 1456 685 1501 idem
715 1457 839 1498 etiam
868 1469 934 1497 vs.
963 1455 1021 1499 38
1048 1468 1144 1511 sqq.
1174 1453 1410 1497 faciendum
1440 1455 1523 1508 sit,
1568 1453 1636 1496 ubi
1665 1453 1748 1496 hoc
1776 1452 1933 1496 lactum
1963 1468 2063 1499 esse
2090 1455 2142 1498 ab
2170 1456 2403 1500 Aristotele
2430 1473 2512 1500 non

466 1532 685 1572 indicatur.
745 1529 869 1582 Quod
909 1531 947 1571 si
986 1536 1127 1570 autem
1170 1530 1271 1571 nihil
1301 1536 1512 1571 mutamus
1552 1529 1591 1571 in
1634 1534 1865 1581 contextu,
1909 1536 2055 1584 aperte
2094 1543 2284 1586 pugnare
2317 1532 2513 1575 videntur

464 1605 574 1645 inter
600 1616 651 1643 se
681 1614 789 1656 quae
815 1602 914 1643 dicit
949 1603 1097 1645 ταῦτα
1128 1601 1205 1656 μὲν
1240 1633 1250 1645 .
1285 1633 1297 1646 .
1325 1633 1336 1645 .
1365 1599 1485 1644 οὕτω
1517 1600 1758 1644 *rem-mou:
1789 1613 1885 1641 nam
1913 1614 1994 1642 non
2022 1602 2170 1644 eodem
2199 1603 2342 1646 ordine
2363 1605 2511 1660 dispo-

463 1678 547 1717 sita
573 1682 673 1716 sunt
703 1687 812 1728 quae
841 1680 1171 1727 praecesserunt
1201 1681 1330 1728 atque
1359 1675 1400 1715 in
1429 1674 1669 1729 Analyticis
1699 1673 1775 1728 (51
1790 1673 1883 1714 1138
1910 1677 2050 1729 sqq.):
2094 1689 2202 1730 quae
2230 1677 2396 1731 quidem
2425 1679 2511 1720 dif-

463 1749 634 1790 ficultas
661 1747 741 1788 alia
770 1747 931 1787 ratione
960 1747 1047 1786 tolli
1078 1747 1153 1786 vix
1194 1747 1372 1800 poterit,
1417 1759 1540 1801 quam
1581 1751 1626 1786 ut
1663 1751 1736 1786 aut
1769 1744 1872 1786 ordo
1908 1747 2235 1790 enuntiationum
2265 1761 2332 1789 vs.
2361 1750 2418 1791 28
2445 1763 2510 1805 sq.

461 1827 646 1863 mutetur
675 1826 749 1861 aut
775 1819 908 1860 verba
937 1819 1085 1861 ταῦτα
1116 1818 1193 1874 μὲν
1224 1849 1237 1862 .
1269 1850 1279 1859 .
1309 1850 1320 1860 .
1364 1815 1483 1860 οὕτω
1524 1817 1741 1861 τέτακται
1783 1830 1809 1858 e
1846 1824 2048 1861 contextu
2087 1820 2317 1874 ejiciantur.
2372 1821 2511 1873 Quum

463 1896 641 1936 alterum
672 1900 812 1934 utrum
843 1900 889 1933 ut
919 1892 1103 1934 facerem
1134 1904 1158 1931 a
1188 1905 1254 1931 me
1286 1893 1510 1944 impetrare
1539 1905 1621 1931 non
1650 1892 1882 1944 potuerim,
1936 1893 2182 1932 Aristotelis
2217 1894 2258 1932 in
2289 1893 2511 1934 scribendo

464 1967 752 2021 negligentiae
781 1966 862 2007 hoc
892 1963 1156 2005 tribuendum
1189 1976 1293 2003 esse
1323 1965 1421 2004 milii
1452 1965 1661 2016 persuasi,
1691 1970 1737 2004 ut
1765 1964 1968 2016 figuram,
1999 1977 2122 2017 quam
2150 1964 2304 2005 addere
2331 1967 2513 2007 voluerit

465 2052 534 2080 vs.
562 2039 620 2080 30
646 2044 745 2079 ante
774 2037 938 2090 ταῦτα,
969 2042 1014 2077 ut
1043 2034 1288 2076 ostenderet
1320 2037 1456 2090 qualis
1483 2048 1584 2077 esse
1612 2035 1786 2078 deberet
1813 2034 1915 2076 ordo
1944 2035 2285 2091 enuntiationum,
2313 2038 2511 2079 omiserit.

468 2112 709 2154 Difficultas
738 2111 873 2151 omnis
903 2116 1059 2150 remota
1090 2116 1234 2162 esset,
1283 2111 1320 2150 si
1364 2122 1439 2163 pro
1479 2109 1694 2152 τέτακται
1723 2109 1925 2162 scriptum
1964 2115 2155 2151 exstaret
2191 2111 2426 2167 τετάχθω.
2458 2136 2512 2143 —-

468 2185 697 2225 Praeterea
726 2180 951 2223 notandum
981 2188 1048 2222 est
1076 2182 1284 2223 Joaunem
1315 2182 1592 2235 Philoponum
1623 2184 1690 2233 (v.
1717 2181 1889 2224 Scholia
1918 2180 2124 2223 Braudisii
2151 2195 2189 2236 p.
2223 2182 2401 2237 186b1)
2430 2184 2511 2225 ha-

468 2259 614 2298 buisse
643 2254 810 2313 εἴρηται
841 2267 909 2295 vs,
937 2254 1021 2307 31,
1072 2254 1181 2308 quod
1214 2261 1256 2295 et
1285 2255 1547 2308 Stephanum
1578 2255 1739 2309 legisse
1768 2254 1980 2308 probabile
2008 2261 2076 2296 est
2105 2257 2171 2308 (v.
2199 2255 2293 2309 ejus
2322 2257 2512 2298 scholion

471 2333 512 2372 in
554 2329 738 2371 editione
777 2335 921 2369 nostra
951 2328 1110 2380 organi
1151 2341 1190 2380 p.
1220 2327 1276 2367 42
1315 2327 1369 2368 ad
1413 2326 1593 2373 t9b31)
1629 2333 1672 2367 et
1711 2328 1854 2367 versio
1883 2327 2113 2368 Boetbiana
2150 2328 2341 2382 praebet:
2383 2342 2512 2383 quare

466 2403 705 2456 recepimus
735 2401 835 2442 licet
862 2400 1006 2440 invitis
1034 2399 1263 2441 codicibus.
1321 2401 1480 2441 Premit
1510 2400 1619 2441 enim
1643 2400 1903 2453 Philoponus
1931 2400 2104 2442 formam
2134 2398 2315 2456 εἴρηται,
2346 2415 2401 2443 ex
2429 2415 2512 2456 qua

470 2473 685 2517 concludit
701 2473 930 2525 Analytica
960 2472 1076 2524 prius
1104 2471 1156 2511 ab
1179 2473 1409 2512 Aristotele
1439 2473 1679 2524 conscripta
1709 2485 1809 2511 esse
1839 2485 1961 2526 quam
1983 2473 2130 2512 librum
2149 2472 2244 2528 περὶ
2266 2474 2510 2530 ἑρμηνείας,

472 2549 525 2590 ab
555 2548 605 2588 iis
632 2560 739 2586 vero
769 2545 838 2598 qui
867 2545 949 2586 hoc
975 2558 1069 2584 cum
1100 2551 1275 2596 recepto
1305 2544 1498 2584 librorum
1525 2543 1669 2583 ordine
1703 2557 1893 2597 pugnare
1921 2544 2139 2598 viderent,
2189 2544 2355 2602 εἴρηται
2383 2547 2510 2590 vide-

474 2628 543 2662 tur
574 2625 776 2659 mutatum
803 2631 905 2658 esse
935 2617 974 2656 in
1006 2614 1201 2670 λέγεται.
1262 2616 1411 2656 Altera
1438 2616 1576 2656 tabula
1607 2618 1731 2670 priori
1758 2618 1905 2658 similis
1932 2618 2041 2659 haec
2068 2624 2157 2659 est:

522 2693 615 2737 πᾶς
645 2688 762 2733 ἔστὶν
793 2685 1035 2744 ἅνθρωπος
1066 2687 1253 2734 δίκαιος.
1556 2684 1607 2731 οἱ·
1638 2691 1729 2735 πᾶς
1759 2688 1873 2732 ἐστὶν
1905 2687 2144 2745 ἅνθρωπος
2175 2689 2358 2737 δίκαιος.

522 2760 575 2808 οὐ
605 2765 693 2808 πᾶς
725 2759 840 2806 ἐστὶν
870 2757 1112 2819 ἅνθρωπος
1144 2758 1196 2804 οὐ
1229 2759 1412 2805 δίκαιος.
1562 2762 1653 2807 πᾶς
1686 2760 1800 2805 ἐστὶν
1833 2758 2074 2820 ἅνθρωπος
2108 2758 2158 2805 οὐ
2190 2763 2374 2810 δίκαιος.

368 2834 724 2881 191231-2023,
782 2835 831 2876 Si
858 2835 1034 2875 alterum
1064 2834 1117 2874 de
1143 2834 1276 2874 altero
1307 2834 1507 2874 universo
1537 2833 1828 2888 praedicatur,
1879 2836 1950 2878 vel
1979 2836 2103 2877 etiam
2132 2836 2168 2876 si
2196 2836 2306 2891 quod
2337 2821 2518 2880 orationi

473 2911 709 2963 subjectum
741 2914 809 2948 est
836 2909 1011 2948 sumitur
1048 2908 1278 2959 infinitum,
1320 2914 1515 2959 quattuor
1553 2909 1659 2949 aliae
1695 2910 2002 2951 enuntiationes
2042 2916 2295 2965 nascuntur,
2338 2923 2511 2965 quarum

474 2984 620 3023 similis
649 2983 755 3022 ratio
785 2986 855 3020 est
881 2987 1009 3033 atque
1039 2992 1181 3020 earum
1212 2979 1266 3019 de
1298 2978 1446 3032 quibus
1475 2979 1597 3020 modo
1626 2979 1818 3023 diximus.

368 3056 528 3100 19b36
557 3054 783 3112 ἐνδέχεται
812 3052 857 3098 δὲ
886 3052 1026 3100 ποτ-ἑ,
1057 3052 1167 3111 quod
1198 3052 1252 3094 de
1281 3053 1600 3105 particularibus
1628 3068 1736 3108 quae
1766 3052 2107 3113 προσδιορισμόν
2140 3055 2292 3097 habent
2321 3055 2398 3100 τὸν
2429 3054 2509 3102 ’,οὐ

470 3131 590 3175 πᾶν*
621 3126 936 3183 intelligendum
965 3139 1065 3168 esse
1094 3132 1224 3180 patet.
1285 3125 1400 3168 ldem
1428 3128 1545 3169 valet
1583 3127 1636 3170 de
1676 3127 1930 3181 indefinitis,
1978 3140 2087 3182 quae
2124 3130 2164 3171 in
2207 3129 2334 3183 priori
2374 3131 2512 3174 tabula

473 3208 575 3245 sunt
605 3201 719 3244 κατὰ
750 3199 1007 3258 ὁιὰμετρονε
1039 3212 1132 3241 nam
1161 3198 1375 3242 indefinita
1404 3202 1633 3243 enuntiatio
1662 3201 1771 3244 idem
1801 3202 1917 3243 valet
1947 3199 2056 3256 quod
2084 3202 2374 3258 particularis;
2413 3203 2512 3248 vide

472 3276 583 3318 euim
612 3287 720 3330 quae
749 3273 845 3316 llicit
875 3287 911 3317 c.
939 3274 987 3328 ⁷,
1029 3287 1068 3328 p.
1102 3272 1258 3315 17b35
1294 3270 1433 3330 δόξειε
1464 3273 1498 3316 δ’
1530 3271 1580 3317 ἂν
1613 3273 1833 3331 ἐξαίφνης
1869 3269 2038 3319 ἄτοπον
2078 3270 2187 3321 εἶναι
2229 3275 2299 3320 διὰ
2328 3276 2383 3320 τᾶ
2410 3278 2510 3332 spal-
