2863 3780
1394 320 1480 378 12

470 473 620 515 eadem
647 484 718 514 res
745 471 912 513 uberius
942 470 1178 525 exponitur.
1235 469 1329 512 Res
1357 478 1496 514 antem
1533 471 1599 513 sic
1637 482 1687 512 se
1722 469 1862 514 habet.
1897 471 2015 516 κατὰ
2053 470 2106 517 τὸ
2147 476 2369 532 στοιχοῦν
2408 473 2519 516 idem

472 553 542 588 est
569 544 679 601 quod
709 544 807 586 κατ’
836 541 1148 591 ἀκολουθίαν,
1201 543 1437 586 secundum
1473 546 1652 599 seriem,
1705 556 1829 599 quam
1864 544 1963 588 illae
1999 546 2307 589 enuntiationes
2345 546 2518 593 faciunt,

471 619 555 661 hoc
580 624 647 658 est
673 615 907 657 secundum
935 615 1146 668 ordinem,
1185 627 1269 669 quo
1299 617 1434 657 altera
1462 619 1584 658 alteri
1613 617 1887 672 consequitur
1915 630 2055 674 eaque
2082 621 2335 664 continetur.
2394 619 2519 673 Quod

470 693 511 732 iu
538 690 778 744 Analyticis
816 689 943 730 tradit
980 688 1063 729 hoc
1099 692 1180 729 est.
1235 687 1302 728 Sit
1331 689 1370 728 A
1404 689 1459 733 τό
1500 685 1606 735 εἶναι
1646 687 1765 741 ἴσον,
1818 692 1854 733 Β
1886 689 1938 734 τὸ
1981 693 2041 750 μὴ
2080 688 2190 738 εἶναι
2231 690 2348 746 ἴσον,
2392 695 2432 737 Γ
2462 693 2516 738 τὸ

466 759 575 807 εἶναι
602 763 661 819 μὴ
693 761 815 814 ἴσον,
866 768 905 805 Δ
933 761 986 805 τὸ
1017 761 1076 820 μὴ
1106 755 1214 804 εἶναι
1251 760 1310 818 μὴ
1342 759 1450 805 ἴσον.
1509 766 1557 807 ln
1585 765 1652 806 his
1679 765 1808 821 igitur
1835 766 1870 807 B
1897 775 2169 822 consequens
2197 773 2266 810 est
2293 767 2378 812 τοῦ
2407 769 2451 827 ΓΙ
2473 772 2519 810 et

468 840 507 879 Δ
533 849 804 893 consequens
830 837 915 880 τοῦ
945 839 992 878 A.
1051 834 1211 876 Deinde
1239 835 1365 876 docet
1395 844 1455 889 (p.
1483 838 1689 893 52215),
1719 840 1758 880 si
1790 854 1819 894 γ
1847 839 1903 879 sit
1933 837 1989 881 *re*
2021 835 2130 884 εἶναι
2159 837 2308 885 ἄνισον
2336 846 2381 883 et
2409 839 2431 883 δ
2461 837 2519 884 *ro*

465 910 528 968 μὴ
559 906 667 954 εἶναι
694 907 867 958 ἄνισον,
920 910 1020 950 item
1050 921 1151 949 esse
1180 911 1216 949 B
1257 921 1527 962 consequens
1566 913 1652 954 τοῦ
1692 926 1722 967 γ
1763 918 1807 951 et
1837 910 1860 951 δ
1889 922 2160 966 consequens
2187 914 2272 956 τοῦ
2300 916 2360 956 A:
2406 912 2517 955 unde

466 983 659 1037 sequitur
686 981 796 1037 quod
825 988 969 1023 nostro
999 981 1093 1021 loco
1122 979 1224 1021 dicit
1264 982 1323 1022 τὰ
1352 981 1430 1037 μὲν
1461 979 1541 1023 δύο
1569 983 1727 1035 (intell.
1755 987 1794 1025 Γ
1822 989 1865 1023 et
1894 987 1951 1028 Δ)
1989 982 2103 1038 πρὸς
2144 985 2224 1038 τὴν
2262 984 2517 1038 κατάφασιν

468 1053 547 1108 (τό
578 1058 611 1098 A
641 1054 767 1109 dicit)
797 1052 871 1097 καὶ
901 1052 1132 1107 ἀπόφασιν
1158 1050 1239 1106 [τό
1264 1055 1300 1095 Β
1333 1052 1485 1106 intell.)
1514 1049 1605 1108 ἕξει
1634 1057 1750 1098 κατὰ
1780 1054 1835 1098 τό
1867 1058 2086 1111 στοιχοῦν
2112 1057 2317 1112 (namque
2343 1058 2379 1100 B
2408 1069 2517 1099 con-

467 1139 658 1182 sequens
685 1134 754 1169 est
773 1132 856 1169 τοῦ
882 1130 921 1168 Γ
951 1132 996 1167 et
1019 1130 1056 1166 Δ
1084 1137 1352 1178 consequens
1382 1126 1467 1168 τοῦ
1484 1130 1542 1175 A)
1568 1122 1628 1172 ὡς
1659 1129 1705 1168 αἱ
1729 1126 1955 1184 στερήσεις
1983 1128 2037 1181 (γ
2065 1133 2109 1167 et
2137 1128 2182 1171 δε
2214 1142 2308 1170 nam
2337 1130 2372 1170 B
2392 1130 2517 1170 etiam

470 1212 742 1256 consequeus
773 1205 842 1241 est
872 1201 954 1242 τοῦ
986 1214 1014 1253 γ
1045 1203 1089 1240 et
1118 1195 1139 1239 δ
1169 1209 1437 1252 consequens
1467 1198 1551 1241 τοῦ
1583 1201 1650 1249 A).
1708 1199 1766 1240 Ut
1793 1201 1931 1254 signis
1959 1200 2262 1242 mathematicis
2292 1209 2407 1256 utar,
2450 1207 2519 1241 est

470 1273 685 1327 proportio
713 1276 776 1314 F:
816 1274 851 1314 B
881 1285 942 1306 ==
969 1285 1023 1326 γε
1054 1272 1090 1313 Β
1120 1275 1164 1311 et
1195 1273 1263 1312 A:
1294 1273 1328 1312 A
1363 1285 1415 1309 =
1445 1267 1491 1311 δι
1522 1273 1570 1312 A.
1619 1270 1819 1324 Namque
1849 1278 1894 1314 ut
1924 1275 1959 1314 Γ
1990 1278 2059 1313 est
2085 1272 2343 1314 antecedens
2370 1276 2519 1327 τοῦΒ,

471 1347 537 1386 sic
565 1346 691 1385 etiam
719 1358 748 1398 γ
778 1342 829 1399 (ἡ
861 1341 1083 1399 στέρησις)
1112 1339 1372 1383 antecedens
1400 1347 1468 1382 est
1498 1343 1583 1384 τοῦ
1613 1344 1680 1392 Β,
1739 1349 1784 1384 et
1812 1349 1858 1385 ut
1888 1348 1925 1386 Δ
1964 1350 2033 1385 est
2059 1357 2323 1398 consequens
2351 1346 2435 1388 τοῦ
2466 1348 2515 1393 A,

473 1421 540 1460 sic
566 1421 690 1460 etiam
720 1416 741 1459 δ
761 1417 806 1471 (ἡ
838 1416 1064 1473 στέρησις)
1085 1421 1152 1457 est
1181 1427 1449 1470 consequens
1477 1416 1562 1457 τοῦ
1591 1418 1639 1457 A.
1698 1413 1829 1456 Addit
1860 1428 1928 1457 vs.
1958 1415 2016 1457 24
2042 1416 2100 1459 τὰ
2131 1415 2174 1458 δὲ
2202 1413 2282 1459 δύο
2312 1414 2391 1461 οὕε
2423 1429 2517 1459 nam

476 1496 510 1535 A
536 1499 579 1533 et
606 1495 641 1534 Β
672 1504 754 1531 non
782 1488 957 1531 eandem
987 1490 1188 1530 rationem
1219 1490 1373 1531 habent
1400 1489 1454 1532 ad
1484 1493 1522 1532 Δ
1553 1495 1597 1532 et
1624 1492 1663 1533 Γ
1680 1522 1692 1541 ,
1722 1502 1848 1545 quam
1871 1489 2028 1534 habent
2057 1477 2086 1533 δ’
2108 1498 2152 1533 et
2180 1507 2209 1546 γ
2237 1490 2290 1534 ad
2318 1497 2358 1535 A
2387 1499 2432 1535 et
2459 1496 2517 1543 Γ,

475 1565 586 1619 quod
615 1571 660 1605 ut
688 1563 1028 1604 demonstremus
1058 1575 1139 1602 non
1168 1576 1277 1617 opus
1305 1569 1385 1606 est.

367 1638 522 1679 191225
549 1643 593 1676 et
618 1636 688 1676 30.
744 1635 904 1675 Omnes
933 1634 1106 1675 codices
1134 1635 1289 1677 habent
1319 1635 1470 1689 δικαίῳ
1502 1647 1578 1689 pro
1606 1631 1833 1692 ἀνθρώπῳ
1873 1639 1919 1676 et
1952 1629 2005 1677 οὐ
2036 1632 2189 1690 δικαίῳ
2228 1648 2303 1689 pro
2333 1633 2416 1680 οὐκ
2445 1636 2515 1679 ἄν·

471 1706 655 1766 θρώπῳ.
713 1708 918 1747 Nostram
945 1707 1167 1747 lectionem
1195 1707 1237 1748 in
1266 1708 1408 1749 multis
1436 1706 1556 1748 libris
1587 1706 1809 1748 exstitisse
1838 1705 2090 1749 Ammonius
2118 1705 2245 1749 tradit
2273 1707 2341 1761 (v.
2370 1707 2516 1751 Scho-

470 1784 528 1822 lia
542 1780 746 1835 Brundisii
771 1794 813 1834 p.
836 1780 1048 1829 122b47).
1076 1781 1281 1821 Boethius
1311 1786 1357 1821 et
1385 1781 1479 1833 ipse
1508 1778 1683 1821 eandem
1712 1778 1853 1821 hahuit
1881 1784 1925 1820 et
1952 1779 2212 1834 Herminum,
2241 1779 2517 1835 Porphyrium

472 1862 516 1895 et
533 1844 823 1894 Alexandrum
852 1865 946 1891 eam
975 1853 1176 1891 habuisse
1204 1859 1354 1891 auctor
1383 1859 1474 1892 est:
1518 1852 1630 1891 unde
1657 1857 1834 1905 apparet
1861 1852 2084 1892 lectionem
2110 1849 2328 1909 ἀνθρώπῳ
2357 1859 2401 1894 et
2434 1848 2518 1897 οὐκ

475 1926 701 1978 ἀνθρώπῳ
732 1926 1010 1979 antiquiorem
1037 1938 1139 1965 esse
1168 1932 1211 1965 et
1249 1926 1291 1965 iu
1321 1932 1564 1966 contextum
1602 1924 1883 1979 recipiendam
1920 1929 2092 1979 propter
2118 1925 2251 1978 ipsam
2286 1923 2517 1968 difficulta-

472 2009 584 2054 tem,
631 2013 756 2053 quam
788 2000 964 2052 habeat,
1006 2000 1043 2038 si
1081 2000 1180 2039 ferri
1220 2000 1371 2053 possit.
1430 1997 1662 2039 Alexandri
1700 1998 1933 2049 auctoritas
1976 1996 2135 2039 secisse
2165 1995 2353 2053 videtur,
2401 2000 2516 2042 utin

472 2074 690 2116 codicibus
718 2073 875 2113 nostris
903 2086 986 2112 non
1014 2072 1271 2125 reperiatur:
1325 2073 1394 2111 hic
1422 2073 1531 2112 enim
1561 2073 1720 2125 primus
1748 2083 1840 2111 eam
1869 2070 2021 2124 rejecit
2054 2076 2098 2110 et
2134 2071 2191 2110 ita
2220 2073 2424 2126 correxit,
2469 2079 2516 2115 ut

472 2148 609 2188 omnis
637 2136 867 2185 difficultas
894 2144 1060 2185 sublata
1086 2144 1156 2184 sit.
1212 2145 1462 2184 Ammonius
1491 2150 1536 2184 et
1566 2144 1767 2184 Boethius
1806 2143 1980 2183 alteram
2021 2143 2240 2184 lectionem
2276 2144 2332 2185 ita
2361 2143 2515 2188 defen-

471 2219 598 2272 dunt,
643 2225 688 2259 ut
716 2225 935 2271 utramque
962 2217 1060 2258 ferri
1087 2230 1217 2271 posse
1245 2218 1448 2270 dixerint,
1499 2219 1620 2271 quia,
1671 2230 1797 2271 quum
1826 2217 2085 2256 Aristoteles
2120 2219 2310 2272 exempla
2348 2219 2513 2278 afferat,

472 2293 573 2334 nihil
600 2292 766 2333 intersit
794 2304 891 2331 num
922 2291 1088 2344 legatur
1117 2289 1269 2344 δικαίῳ
1293 2303 1347 2331 an
1373 2289 1623 2347 ἀνθρώπρυς
1653 2303 1762 2343 quae
1790 2289 1957 2344 quidem
1981 2290 2217 2343 explicandi
2244 2292 2348 2332 ratio
2377 2293 2514 2335 minus

475 2365 687 2423 probanda
714 2364 884 2408 videtur
910 2371 1163 2419 propterea,
1220 2365 1331 2419 quod
1356 2365 1444 2419 jam
1485 2380 1554 2407 vs.
1582 2364 1639 2406 20
1680 2367 1834 2406 mentio
1862 2366 1976 2406 iacta
2003 2372 2072 2405 est
2100 2367 2391 2408 enuntiationis
2420 2366 2515 2410 ἔστι

473 2438 642 2486 δίκαιος
673 2435 938 2498 ἅνθρωπος,
968 2449 1099 2494 quare
1129 2450 1198 2485 vs.
1226 2439 1285 2482 25
1313 2444 1357 2482 et
1383 2437 1441 2482 30
1469 2438 1545 2481 vix
1574 2438 1752 2495 cogitari
1782 2438 1921 2481 licebit
1949 2438 2002 2482 de
2030 2439 2109 2481 alia
2137 2441 2444 2495 enuntiatione,
2472 2443 2513 2483 iu

472 2527 555 2570 qua
584 2510 826 2570 ἅνθρωπος
854 2513 910 2554 sit
935 2513 975 2553 id
1009 2512 1122 2568 quod
1151 2512 1433 2568 praedicetur,
1460 2526 1542 2555 uon
1572 2512 1612 2554 id
1644 2511 1754 2568 quod
1785 2513 1958 2555 orationi
1986 2512 2226 2567 subjectum
2253 2515 2321 2559 siit
2376 2515 2514 2556 Nobis

471 2589 638 2644 quidem
665 2589 773 2627 haec
799 2588 880 2628 alia
906 2588 1068 2628 ratione
1096 2587 1357 2642 explananda
1387 2588 1597 2630 videntur.
1656 2587 1781 2641 Quae
1812 2587 1994 2641 legimus
2025 2587 2218 2641 exempla
2247 2601 2315 2631 νε.
2347 2588 2515 2631 15-18

474 2663 558 2703 duo
588 2663 789 2702 terminos
822 2661 1030 2701 habebant
1077 2659 1215 2713 (ἔστιν
1250 2668 1294 2700 et
1322 2657 1614 2718 ἅνθρωπος),
1666 2661 1707 2701 in
1737 2661 1789 2701 iis
1817 2672 1926 2715 quae
1951 2671 2064 2701 nunc
2101 2667 2385 2715 proponuntur
2420 2662 2515 2709 ἔστι

470 2738 639 2779 tertium
668 2741 738 2777 est
766 2734 877 2790 quod
899 2734 1092 2788 adjicitur
1123 2736 1611 2791 (προσκατηγορεῖται).
1638 2735 1736 2776 Jam
1767 2734 1848 2775 hos
1877 2741 1968 2775 tres
1996 2735 2197 2775 terminos
2225 2731 2507 2793 (ἅνθρωπος,

472 2811 644 2856 δίκαιος
673 2816 717 2850 et
745 2806 861 2859 ἔστι)
900 2821 983 2849 non
1020 2811 1085 2850 sic
1121 2808 1311 2848 distinxit
1340 2807 1625 2861 Aristoteles,
1669 2814 1714 2847 ut
1753 2820 1832 2847 nos
1875 2809 2088 2847 solemus:
2130 2819 2209 2849 uon
2246 2807 2351 2850 dixit
2386 2823 2510 2854 unum

470 2884 647 2925 orationi
675 2882 916 2936 subjectum
944 2895 1067 2935 esse,
1096 2883 1274 2922 alterum
1304 2879 1562 2934 praedicari,
1591 2881 1757 2921 tertium
1789 2882 1988 2936 copulare
2017 2880 2204 2935 priores,
2234 2881 2315 2923 imo
2345 2880 2398 2924 de
2429 2883 2512 2927 hoc

472 2960 710 2999 discrimine
739 2963 885 2996 nostro
913 2957 1006 2996 loco
1035 2969 1128 2996 eum
1158 2969 1211 2996 ne
1240 2955 1505 3010 cogitavisse
1547 2955 1711 3009 quidem
1741 2956 1834 3009 ipsa
1869 2956 2094 2996 verborum
2136 2955 2356 2997 collocatio
2385 2955 2513 3001 docet

473 3030 566 3074 ἔστι
595 3029 766 3076 δίκαιος
796 3025 1061 3085 ἄνθρωποςε
1091 3042 1183 3070 nam
1213 3027 1436 3068 dicendum
1465 3035 1555 3068 erat
1583 3024 1825 3087 ἅνθρωπος
1855 3026 2026 3074 δίκαιός
2049 3025 2140 3069 ἐστι
2169 3028 2239 3069 vel
2269 3023 2512 3086 ἅνθρωπός

472 3105 566 3149 ἐστι
596 3104 778 3153 δίκαιος,
811 3104 849 3145 si
878 3102 1117 3158 discrimen,
1145 3104 1256 3158 qnod
1285 3109 1353 3143 est
1382 3104 1492 3143 inter
1519 3105 1714 3159 singulos
1738 3103 2035 3146 enuntiationis
2059 3102 2272 3161 terminos,
2300 3104 2341 3146 in
2370 3111 2511 3148 mente

469 3178 708 3222 habuisset:
738 3183 916 3233 apparet
944 3177 1073 3232 igitur
1103 3174 1195 3219 ἔστι
1220 3177 1273 3219 ab
1300 3178 1535 3219 Aristotele
1562 3179 1647 3220 hoc
1674 3180 1769 3221 loco
1800 3180 1897 3234 poni
1923 3190 2005 3219 non
2035 3183 2080 3218 ut
2111 3179 2329 3233 copulam,
2358 3178 2436 3221 sed
2465 3184 2512 3220 ut

467 3252 632 3294 tertiam
663 3264 955 3307 quamcunque
991 3253 1286 3294 enuntiationis
1320 3258 1480 3307 partem
1521 3252 1659 3308 adjici.
1718 3253 1842 3307 Quod
1879 3253 1918 3293 si
1948 3251 2172 3308 concedis,
2212 3252 2360 3295 eadem
2389 3254 2510 3307 plane

467 3327 547 3369 erit
574 3326 679 3368 ratio
707 3327 827 3368 verbi
856 3325 951 3369 ἔστι
978 3325 1019 3367 in
1047 3325 1099 3367 iis
1129 3327 1335 3381 exemplis
1364 3340 1472 3382 quae
1512 3327 1732 3369 habuimus
1763 3339 1831 3370 vs.
1865 3325 2028 3367 ¹5—18
2065 3323 2206 3378 (ἔστιν
2247 3321 2511 3384 ἅνθρωπος)
