2863 3780
1435 284 1486 344 4

384 436 570 481 tionibus
598 438 749 494 copula
779 442 899 483 „estu
927 449 1010 479 non
1039 435 1310 493 exprimitur,
1355 441 1460 483 latet
1500 442 1542 482 in
1570 437 1718 481 verbo.
1776 436 2024 491 Explicatur
2062 437 2270 495 quomodo
2306 437 2536 481 enuntiatio

383 524 552 567 negans
581 517 854 553 convertatur
879 511 921 552 in
945 509 1237 552 affirmantem.
1289 512 1460 556 Nomen
1490 515 1563 555 vel
1592 512 1792 565 verbum,
1843 510 1911 551 cui
1939 511 2184 570 adJungitnr
2211 513 2404 570 negatio,
2451 523 2536 552 nou

385 592 457 627 est
484 585 724 628 enuntiatio.
780 586 949 626 Mutato
976 583 1277 624 vocabulorum
1307 585 1455 627 ordine
1482 601 1565 628 non
1594 592 1778 628 mutatur
1805 585 2048 632 enuntiatio.

548 662 647 709 Gap.
676 661 743 701 11.
799 657 849 699 Si
887 669 943 698 ex
980 655 1168 711 pluribus
1204 657 1393 710 partibus
1431 659 1698 713 componitur
1735 659 1807 699 vel
1851 657 1960 713 quod
2008 659 2274 714 praedicatur
2314 659 2386 700 vel
2425 655 2536 712 quod

387 730 561 772 orationi
585 729 830 784 subjectum
860 736 952 784 est,
995 715 1337 772 enuntiatio-non
1365 736 1434 772 est
1462 744 1570 786 una,
1616 732 1695 773 nisi
1732 744 1802 773 res
1831 732 1886 772 sit
1922 743 2003 772 una
2033 745 2142 786 quae
2178 732 2366 788 pluribus
2394 729 2538 772 verbis

387 802 563 859 proferri
602 803 769 846 debeat.
828 805 1036 858 Exemplo
1074 810 1143 845 est
1181 803 1401 846 dialectica
1439 806 1634 859 quaestio
1660 813 1705 848 et
1732 805 1964 859 responsio.
2020 804 2143 856 Quae
2175 810 2370 859 separata
2408 815 2537 857 prae-

385 877 602 931 dicantur,
646 890 696 917 ea
725 889 806 917 non
842 877 987 930 utique
1015 876 1140 917 etiam
1169 877 1410 931 conjuncta.
1467 877 1706 931 Coniuncta
1743 892 1825 920 non
1865 875 2158 932 praedicantur
2186 891 2295 932 quae
2322 890 2405 919 non
2433 886 2536 929 per-

384 951 518 990 tinent
542 948 595 989 ad
624 949 759 1003 ipsam
787 950 848 990 rei
875 955 1088 1001 naturam,
1136 947 1288 990 deinde
1329 962 1438 1004 quae
1464 950 1607 990 insunt
1644 951 1687 991 in
1714 951 1848 992 aitero
1878 961 1961 990 non
1989 948 2282 1002 praedicantur
2311 947 2537 1003 conjuncta

385 1035 480 1065 cum
509 1024 592 1064 ino.
651 1022 774 1075 Quae
801 1028 999 1075 separata
1027 1020 1273 1075 praedicare
1303 1022 1431 1063 liceat
1459 1023 1697 1076 exponitur.

548 1100 647 1148 Cap.
676 1099 742 1138 12.
796 1095 863 1136 De
890 1094 1184 1149 negationibus
1212 1095 1563 1149 enuntiationum,
1611 1106 1720 1149 quae
1747 1108 1773 1138 a
1802 1093 2105 1137 recentioribus
2147 1094 2409 1150 philosophis
2441 1106 2537 1135 mo-

384 1169 504 1211 dales
535 1169 756 1223 dicuntur,
784 1167 869 1212 τοῦ
900 1167 1145 1223 ἀναγκαῖον
1175 1164 1283 1211 εἶναι
1311 1175 1354 1211 et
1376 1170 1583 1214 similium.

551 1247 651 1297 Cap.
680 1247 746 1285 13.
802 1242 923 1295 Quae
950 1242 1092 1283 valeat
1122 1244 1424 1297 consequentia
1453 1245 1560 1285 inter
1588 1240 1641 1287 τὸ
1674 1240 1887 1291 δυνατόν.
1918 1240 1972 1285 τὸ
2003 1239 2315 1298 ἐνδεχόμενον,
2346 1241 2399 1284 τὸ
2429 1238 2538 1283 ἁδύ·

385 1333 465 1361 τον
493 1324 538 1358 et
565 1315 618 1359 τὸ
649 1315 914 1369 ἀναγκαῖον,
947 1314 1185 1367 exponitur.
1240 1316 1339 1356 Non
1371 1315 1652 1370 quodcunque
1681 1314 1774 1356 fleri
1803 1320 1970 1369 potest,
1999 1320 2142 1369 potest
2169 1314 2294 1355 etiam
2322 1327 2403 1355 non
2433 1312 2539 1355 fleri.

548 1394 646 1442 Cap.
676 1391 750 1429 14.
807 1386 1052 1428 Contrarias
1071 1387 1381 1429 enuntiationes
1409 1400 1484 1430 eas
1506 1401 1607 1429 esse
1637 1386 1778 1442 docet,
1805 1399 1916 1442 quae
1943 1386 2053 1431 idem
2076 1386 2130 1428 do
2156 1385 2305 1428 eodem
2330 1386 2540 1428 affirment

387 1470 433 1505 et
460 1467 631 1517 negent.

549 1533 631 1573 His
657 1531 865 1585 expositis
891 1536 938 1570 ut
965 1530 1019 1570 ad
1044 1543 1130 1571 rem
1159 1532 1293 1584 ipsam
1321 1531 1557 1585 veniamus,
1580 1530 1669 1585 jam
1699 1530 1819 1572 nobis
1847 1530 1973 1571 liceat
2000 1530 2092 1584 ipsa
2116 1528 2363 1571 Aristotelis
2390 1526 2538 1579 verba,

386 1620 496 1662 quae
522 1612 567 1647 et
594 1618 650 1646 ex
678 1615 836 1659 graeco
864 1604 905 1643 in
934 1604 1105 1644 latinum
1143 1603 1385 1644 translaturi
1424 1609 1468 1645 et
1505 1604 1748 1645 accuratius
1784 1603 2019 1658 exposituri
2057 1613 2232 1656 sumus,
2276 1600 2347 1643 hic
2371 1599 2538 1642 adscri-

385 1681 487 1722 bere
515 1679 655 1733 qualia
680 1676 945 1719 exhibuimus
971 1676 1013 1716 in
1041 1675 1224 1717 editione
1253 1675 1415 1729 organi
1445 1678 1722 1718 Aristotelici.

883 1842 1116 1882 Aristotelis
1153 1845 1247 1883 libri
1282 1838 1379 1899 περὶ
1419 1840 1646 1900 ἑρμηνείας
1673 1848 1798 1895 eaput
1837 1846 2052 1883 decimum.

234 1955 434 1998 Eamne.
761 1938 887 1983 Ἐπεὶ
944 1939 989 1982 δέ
1045 1939 1138 1983 ἐστι’
1192 1959 1235 1984 τι
1293 1939 1410 1984 κατά
1468 1958 1588 1989 τινος
1646 1941 1669 1996 ἣ
1730 1940 1991 1994 κατάφασις
2047 1938 2337 1996 σημαίνουσα,

231 2029 414 2078 ρ.19ῠ6
587 2015 728 2058 τοῦτο
770 2012 815 2054 δὲ
853 2011 968 2054 ἐστιν
1007 2009 1032 2069 ἢ
1077 2010 1215 2067 ὄνομα
1256 2009 1281 2068 ἦ
1319 2011 1372 2054 τὸ
1412 2011 1664 2069 ἀνώνυμον,
1722 2010 1766 2056 ἓν
1805 2001 1850 2056 δὲ
1891 2011 1954 2057 δεῖ
1987 2007 2096 2055 εἶναι
2128 2012 2202 2053 καὶ
2234 2008 2337 2053 καθ’

590 2086 691 2133 ἐνὸς
729 2085 782 2128 τὸ
826 2082 866 2128 ἐν
908 2085 963 2141 τῆ
1007 2083 1263 2135 καταφάσει
1309 2083 1464 2137 (τὸδὲ
1502 2081 1641 2139 ὄνομα
1684 2082 1851 2143 εἴρηται
1895 2082 1967 2126 καὶ
2014 2082 2066 2127 τὸ
2113 2081 2338 2139 ἀνώνυμον

590 2157 823 2217 πρότερον·
881 2156 934 2199 τὸ
978 2157 1065 2212 ’γὰρ
1111 2152 1195 2198 οὐκ
1235 2153 1478 2213 ἅνθρωπος
1525 2154 1665 2211 ὄνομα
1706 2156 1784 2212 μὲν
1825 2153 1877 2199 οὑ
1908 2156 2028 2211 λέγω
2069 2154 2173 2198 ἀλλ’
2214 2154 2330 2213 ἀόρι-

594 2247 698 2275 στον
738 2225 893 2286 ὄνομα·
933 2226 976 2271 ἓν
1015 2227 1100 2284 γάρ
1140 2245 1239 2276 πως
1276 2231 1472 2286 σημαίνει
1514 2229 1586 2272 καὶ
1627 2229 1679 2272 τὸ
1725 2229 1947 2288 ἀόριστον.
1988 2228 2133 2283 ὥσπερ
2174 2225 2245 2269 καὶ
2286 2225 2337 2269 τὸ

389 2306 443 2350 10
591 2301 685 2361 οὐχ
724 2299 907 2358 ὑγιαίνει
946 2296 998 2345 οὗ
1041 2299 1158 2359 ῥῆμα
1196 2300 1299 2345 ἀλλ’
1332 2300 1540 2360 ἀόριστον
1573 2300 1741 2361 ῥῆμα).
1800 2298 1925 2344 ἔσται
1963 2303 2087 2344 πᾶσα
2131 2300 2339 2352 κατάφα-

593 2391 662 2425 σις
702 2374 775 2418 καὶ
809 2374 1043 2429 ἀπόφασις
1080 2371 1105 2431 ἢ
1145 2372 1195 2428 ἐξ
1226 2371 1447 2430 ὀνόματος
1491 2371 1563 2416 καὶ
1600 2372 1803 2433 ῥήματος
1840 2371 1864 2430 ἦ
1908 2372 1959 2427 ἐξ
1989 2373 2203 2431 ἀορίστου
2246 2370 2336 2415 ὁνό·

589 2463 737 2505 ματος
787 2448 859 2490 καὶ
913 2445 1129 2504 ῥήματος.
1190 2443 1293 2489 ἄνευ
1345 2446 1390 2488 δὲ
1440 2446 1642 2505 ῥήματος
1692 2443 1873 2503 οὐδεμία
1924 2447 2186 2498 κατάφασις
2237 2441 2340 2488 οὐδὲ

594 2522 829 2575 ἀπόφασις
870 2518 923 2563 τὸ
966 2519 1054 2577 γὰρ
1095 2517 1213 2562 ἔστιν
1254 2517 1487 2576 ἣέσταιῆ
1529 2513 1577 2576 ἦν
1620 2517 1646 2576 ἢ
1683 2520 1874 2575 γίνεται,
1933 2515 2072 2571 ἧὸσα
2098 2514 2221 2559 ἄλλα
2250 2534 2339 2560 τοι·

594 2595 712 2638 αὔτα
768 2591 944 2651 ῥῆματα
988 2589 1037 2634 ἐκ
1089 2591 1176 2633 τῶν
1240 2590 1444 2647 κειμένων
1488 2590 1595 2635 ἐστι’·
1655 2592 1970 2649 προσσημαίνει
2024 2591 2112 2646 γὰρ
2158 2590 2341 2646 χρόνον.

394 2670 448 2713 15
589 2664 705 2709 ὥστε
743 2661 896 2724 πρώτη
935 2660 1062 2706 ἔσται
1100 2661 1363 2713 κατάφασις
1403 2661 1475 2706 καὶ
1517 2664 1753 2716 ἂπόφασις
1781 2663 1832 2726 τὸ
1865 2662 1985 2708 ἔστιν
2016 2660 2257 2722 ἄνθρωπος
2287 2687 2340 2695 --

592 2735 679 2783 οὐκ
717 2735 833 2780 ἔστιν
872 2732 1137 2792 ἅνθρωπος.
1200 2730 1296 2778 εἶτα
1339 2733 1457 2777 ἔστιν
1499 2731 1583 2778 οὐκ
1623 2732 1867 2790 ἅνθρωπος
1895 2760 1949 2769 -
1977 2733 2063 2781 οὐκ
2097 2733 2214 2779 ἔστιν
2257 2733 2340 2779 οὐκ

592 2798 858 2868 ὄνθ’ρωπος,
900 2805 1035 2851 πάλιν
1073 2805 1168 2850 ἔστι
1208 2809 1300 2854 πᾶς
1337 2802 1580 2864 ἅνθρωπος
1610 2830 1663 2838 -
1694 2802 1779 2852 οὐκ
1821 2805 1916 2852 ἔστι
1956 2810 2050 2855 πᾶς
2081 2804 2340 2867 ἅνθρωπος,

489 3033 511 3066 5
534 3042 571 3063 τι
593 3028 679 3062 κατά
701 3040 791 3066 τινος
812 3029 897 3072 pust
928 3028 1136 3068 σημαίνουσα
1161 3023 1278 3059 habet
1303 3022 1329 3056 i.
1360 3043 1406 3048 —
1442 3026 1462 3060 6
1487 3035 1533 3069 pr
1554 3023 1579 3069 ἦ·
1603 3035 1662 3058 om
1687 3023 1734 3059 Ge
1757 3028 1796 3060 et
1820 3037 1865 3071 pr
1889 3026 1925 3061 «1.
1960 3044 2007 3051 —-
2039 3025 2107 3071 nni]
2130 3025 2156 3070 ἢ
2176 3027 2222 3072 μή
2248 3020 2335 3060 εἶναι
2359 3027 2435 3069 καὶ,
2473 3027 2538 3062 aed

395 3096 451 3132 καὶ
473 3106 515 3130 rc
538 3106 586 3136 n,
627 3104 686 3127 om
713 3104 749 3131 a.
781 3111 823 3118 —
864 3093 885 3126 7
907 3089 958 3135 td]
982 3090 1037 3124 nai
1059 3090 1097 3124 τὸ
1121 3090 1151 3125 b.
1176 3108 1221 3115 ——
1245 3088 1427 3128 καταφάσει
1450 3100 1534 3123 corr
1558 3101 1593 3123 n.
1631 3109 1674 3116 —-
1709 3090 1748 3123 τδ
1772 3090 1809 3124 δέ
1834 3115 1844 3126 .
1868 3113 1878 3123 .
1902 3116 1913 3126 .
1937 3091 1995 3123 καί
2016 3089 2067 3133 τὸ]
2092 3092 2130 3123 τί
2151 3090 2188 3125 δὲ
2212 3116 2223 3126 .
2248 3116 2257 3125 .
2283 3117 2292 3126 .
2318 3092 2374 3124 καὶ
2395 3095 2434 3124 τί
2454 3092 2543 3125 editi

393 3160 564 3206 plerique.
588 3177 634 3183 —
661 3159 682 3193 9
707 3156 762 3190 καὶ
784 3165 844 3190 orn
869 3165 905 3188 n.
929 3173 974 3179 -
996 3154 1035 3188 τὸ
1062 3165 1100 3188 rc
1122 3165 1158 3187 π.
1183 3172 1226 3180 -
1252 3153 1408 3200 ἀόριστον
1433 3153 1537 3195 ὄνομα
1558 3153 1672 3201 ὥσπερ
1696 3167 1726 3192 e.
1755 3174 1797 3181 —
1821 3155 1861 3189 τὸ
1886 3165 1946 3189 om
1971 3154 2048 3190 ⁸2-
2077 3158 2119 3192 10
2142 3154 2234 3201 ῥῆμα
2256 3155 2340 3198 λέγω
2362 3156 2433 3190 ἀλλ’
2457 3167 2539 3189 e.—

393 3224 511 3258 ᾰλϊᾰ,
536 3222 629 3269 ῥῆμα
653 3230 693 3253 rc
717 3229 828 3264 supra
856 3228 953 3253 vers.
977 3230 1011 3252 n.
1035 3238 1081 3244 —
1104 3217 1214 3263 ἔσται]
1241 3218 1339 3252 ἔσται
1361 3218 1426 3266 γάρ
1450 3230 1480 3261 e,
1509 3220 1607 3253 ἔσται
1630 3211 1689 3253 οὖν
1717 3219 1740 3253 ι’.
1765 3237 1809 3245 --
1837 3222 1876 3255 11
1904 3218 1959 3252 nui
1982 3217 2150 3261 ἀπόφασις
2172 3229 2231 3254 οιιι
2258 3231 2315 3263 en,
2341 3238 2386 3245 -—
2409 3217 2540 3264 ἢέσται

396 3293 481 3335 post
504 3291 634 3331 γίνεται
658 3296 724 3331 pos
748 3284 792 3320 ei.
816 3302 858 3310 -—
890 3287 932 3319 15
957 3285 1054 3317 ἔσται
1076 3292 1137 3317 om
1160 3294 1214 3318 en.
1238 3301 1283 3309 —
1310 3285 1353 3321 16
1377 3286 1453 3320 tert
1475 3284 1533 3318 οὐκ
1557 3295 1600 3320 rc
1626 3295 1700 3331 mg.
1730 3286 1770 3319 A.
