2863 3780
1425 176 1466 235 2

374 325 561 386 γλώττῃ
592 330 744 385 (intell.
787 329 959 387 χρῆται
1001 328 1025 384 ἡ
1065 325 1228 382 φύσις)
1268 332 1384 389 πρός
1425 347 1475 374 τε
1511 327 1622 375 τοὺς
1659 326 1847 385 ’χυμοὺς
1893 328 1966 372 καὶ
2010 329 2125 389 πρὸς
2161 329 2239 386 τὴν
2280 328 2521 388 ἑρμηνείαν.

376 403 572 458 Apparet
599 411 737 444 autem
769 401 996 458 ἑρμηνείαν
1028 404 1093 443 his
1124 403 1229 443 locis
1256 404 1501 458 siguificare
1541 402 1664 457 signa
1702 407 1903 454 externa,
1949 418 2024 458 per
2065 416 2340 458 quaecuuque
2377 404 2525 456 expri-

378 483 543 517 mantur
569 481 612 517 et
638 487 733 517 cum
761 475 856 517 aliis
885 475 1242 517 communicentur
1271 489 1381 530 quae
1408 478 1587 518 animum
1628 474 1836 516 afficiant:
1878 488 2007 529 quare
2048 478 2150 518 dicit
2176 479 2242 518 De
2281 483 2402 531 partt.
2430 477 2526 516 ani-

379 552 491 594 mali.
523 564 557 593 c.
590 550 667 604 17,
700 565 743 605 p.
774 550 968 594 660a35
995 551 1197 607 ’χρῶνται
1228 553 1283 606 τῆ
1314 549 1499 609 γλώττη
1532 554 1617 604 (sc.
1650 552 1689 593 οἱ
1720 545 1918 604 ὄρνιθες)
1951 548 2166 606 καὶπρὸς
2196 549 2418 605 ἑρμηνείαν
2451 548 2530 590 ἂλ-

379 622 538 678 ληλοις
566 619 734 671 πάντες
763 622 866 679 μέν,
915 620 1058 680 ἕτεροι
1091 620 1136 664 δὲ
1166 623 1253 664 τῶν
1284 620 1443 678 ἑτέρων
1474 621 1679 679 μᾶλλονε
1714 619 1910 679 ἑρμηνεία
1941 620 2097 675 igitur,
2134 635 2258 676 quum
2288 636 2368 662 non
2395 623 2530 662 solum

380 695 432 736 de
461 695 627 737 homine
654 696 732 738 sed
762 697 885 738 etiam
915 695 968 737 de
996 695 1241 736 animalibus
1283 696 1606 751 quibuscunque
1645 695 1833 747 dicatur,
1876 693 2089 748 siguificat
2131 695 2451 749 explicationem
2488 701 2532 736 et

379 769 762 821 interpretationem
792 770 878 810 τῶν
909 769 992 819 τῆς
1021 768 1190 822 ψυχῆς
1219 765 1501 823 παθημάτων
1535 769 1881 820 qualemcunque.
1930 766 2070 817 Quare
2099 767 2208 807 haud
2239 768 2345 806 male
2366 768 2533 807 Biesius

380 839 479 891 (Die
502 839 774 894 Philosophie
804 840 880 881 des
900 841 1157 881 Aristoteles
1186 840 1227 880 in
1256 840 1386 879 ihrem
1418 841 1588 879 inueren
1613 841 2013 892 Zusammenhange
2033 840 2143 879 Berl.
2176 842 2308 892 1835)
2342 843 2373 879 1.
2403 842 2532 893 p.88:

381 913 494 957 „Der
534 914 640 956 Satz
681 914 736 955 ist
774 911 849 955 der
877 911 1109 955 Ausdruck
1141 910 1384 970 (ἑρμηνεία)
1424 910 1501 952 des
1538 911 1860 953 reflectirenden
1891 913 2117 960 uenimus,
2163 915 2354 954 welches
2395 905 2534 954 trennt

379 985 462 1027 und
501 986 774 1040 verbindetu,
814 987 1034 1027 Boethium
1079 998 1182 1027 vero
1224 985 1289 1039 (ν.
1319 984 1373 1038 ej.
1403 989 1623 1026 comment.
1668 984 1708 1025 in
1752 985 1818 1026 lib.
1856 984 1909 1026 de
1944 986 2044 1039 intp.
2091 990 2294 1038 prooem.)
2327 986 2534 1027 dicentem

381 1061 704 1114 „Interpretatio
736 1058 982 1117 (ἑρμηνεία)
1013 1065 1080 1099 est
1111 1071 1199 1099 vox
1234 1059 1521 1114 significativa.
1557 1071 1633 1112 per
1673 1071 1722 1098 se
1759 1059 1894 1112 ipsam
1933 1057 2087 1113 aliquid
2126 1059 2400 1112 significansu
2437 1060 2534 1113 jure

379 1133 650 1187 reprehendit
678 1133 863 1172 Thomas
893 1133 1084 1185 Aquinas
1115 1133 1182 1185 (v.
1214 1132 1269 1186 ej.
1299 1146 1396 1187 opp.
1427 1133 1538 1175 Ven.
1572 1130 1678 1173 1495
1707 1130 1777 1174 iol.
1807 1131 1850 1184 2,
1880 1131 1929 1185 a)
1959 1130 2106 1171 dicens
2138 1131 2329 1173 »Nomen
2358 1138 2401 1174 et
2428 1145 2534 1174 ver-

381 1207 477 1245 bum
507 1208 644 1258 magis
672 1206 1026 1257 interpretationis
1055 1206 1257 1259 principia
1288 1219 1388 1246 esse
1418 1206 1613 1246 videntur
1643 1217 1766 1259 quam
1808 1205 2133 1258 interpretatio.“
2188 1205 2384 1258 Namque
2412 1205 2536 1245 latius

382 1285 499 1333 patet
537 1278 738 1334 ἑρμηνεία
770 1290 895 1332 quam
925 1276 1078 1333 λέξιςε
1128 1278 1229 1320 dicit
1261 1279 1370 1320 enim
1401 1280 1660 1320 Aristoteles
1688 1278 1809 1318 Poet.
1848 1289 1884 1318 c.
1913 1278 1956 1321 6.
1997 1277 2076 1317 sub
2111 1277 2205 1330 lim,
2253 1290 2290 1330 p.
2324 1278 2538 1320 145ob14

384 1351 507 1406 λέξιν
538 1346 752 1407 εἶναιτὴν
794 1348 863 1393 διὰ
903 1352 987 1407 τῆς
1027 1349 1269 1409 ὀνομασίας
1309 1350 1550 1408 ἑρμηνείαν.
1609 1353 1705 1394 Jam
1745 1356 1860 1405 patet
1899 1363 1955 1392 ex
1996 1351 2047 1392 iis
2088 1363 2197 1404 quae
2236 1348 2417 1392 diximus
2455 1366 2537 1392 non

380 1439 530 1466 verum
552 1438 653 1464 esse
676 1423 787 1478 quod
808 1426 953 1479 graeci
976 1426 1228 1479 interpretes
1258 1426 1406 1465 volunt
1442 1448 1481 1454 -
1506 1437 1551 1467 V.
1567 1438 1604 1467 e.
1621 1437 1665 1480 g.
1699 1426 1836 1467 Auon.
1867 1422 2101 1465 Coisl.160
2128 1424 2168 1464 in
2195 1422 2367 1465 scholiis
2399 1424 2537 1467 Bran—

383 1499 476 1538 disii
507 1513 546 1551 p.
575 1499 732 1537 94a1:
784 1493 911 1538 οὐδὲν
944 1497 1143 1552 διαφέρει
1174 1497 1421 1555 ἐπιγράψαι
1452 1498 1548 1557 περὶ
1581 1497 1809 1555 ἑρμηνείας
1850 1493 1874 1553 ἢ
1914 1497 2010 1552 περὶ
2043 1494 2358 1548 ἀποφαντικοῦ
2393 1495 2535 1553 λόγου

384 1578 427 1611 et
457 1572 721 1610 Ammonium
762 1571 831 1610 fol.
862 1572 1068 1611 6-τοῧτο
1110 1572 1257 1612 τοίνυν
1303 1570 1354 1611 τὸ
1397 1566 1514 1616 εἶδος
1555 1571 1639 1613 τοῦ
1682 1568 1824 1625 λόγου
1865 1568 1917 1610 τὸ
1962 1566 2276 1620 ἀποφαντικὸν
2314 1568 2537 1628 ἑρμηνείαν

383 1642 507 1695 ἀξιοῖ
534 1641 684 1684 καλεῖν
711 1643 732 1684 ὁ
761 1643 1079 1699 Ἀριστοτέλης·
1111 1640 1171 1687 ὡς
1203 1642 1437 1698 ἑρμηνεῢον
1467 1643 1546 1692 τὴν
1576 1643 1735 1695 γνῶσιν
1767 1643 1849 1694 τῆς
1878 1641 2074 1696 ψυχῆς-ε
2107 1653 2201 1681 nam
2232 1640 2430 1699 ἑρμηνεία
2458 1657 2539 1685 non

383 1722 450 1754 est
480 1714 591 1767 quod
623 1727 700 1753 nos
729 1726 936 1753 vocamus
968 1715 1212 1755 „einfaches
1255 1715 1475 1767 logisches
1504 1715 1721 1767 Urtheil“,
1771 1713 1847 1754 sed
1880 1713 1989 1768 quod
2019 1726 2098 1753 nos
2126 1714 2302 1754 dicimus
2332 1717 2539 1770 „sprach-

384 1787 495 1828 liche
525 1788 838 1841 Mittlieilung.“
898 1787 1162 1829 confirmant
1200 1788 1282 1828 hoc
1321 1802 1429 1841 quae
1474 1789 1600 1828 habet
1629 1789 1887 1828 Aristoteles
1916 1787 2064 1841 Topic.
2093 1788 2171 1828 Vl.
2215 1799 2251 1826 c.
2284 1789 2301 1827 1
2345 1789 2423 1828 sub
2453 1790 2539 1843 fiu.,

385 1874 426 1914 p.
444 1858 630 1901 139bt3
661 1856 755 1902 ἔστι
788 1857 833 1901 δὲ
861 1859 944 1903 τοῦ
975 1859 1033 1915 μὴ
1067 1861 1220 1906 καλῶς
1249 1861 1356 1918 μέρη
1381 1858 1476 1908 δύο,
1514 1859 1556 1903 ἓν
1586 1862 1662 1916 μὲν
1693 1861 1745 1904 τὸ
1777 1861 1947 1911 ἂσαφεῖ
1963 1862 2018 1917 τῆ
2044 1859 2243 1918 ἑρμηνείᾳ
2276 1864 2540 1917 κεχρῆσθαι.

386 1932 509 1984 Quod
553 1945 679 1985 quum
715 1945 797 1972 non
837 1932 1094 1985 intelligeret
1125 1933 1443 1987 Gumposchius
1475 1934 1637 1984 (Ueber
1678 1934 1746 1973 die
1774 1935 1917 1986 Logik
1955 1933 2038 1972 und
2079 1934 2297 1986 logischen
2326 1935 2540 1976 Schriften

386 2004 464 2044 des
494 2004 776 2057 Aristoteles,
814 2005 919 2057 [ιρι.
953 2003 1075 2047 1839.
1107 2019 1146 2058 p.
1173 2005 1276 2059 89),
1317 2006 1480 2046 titulum
1513 2006 1601 2046 libri
1634 2007 1756 2059 plane
1785 2007 1967 2058 ineptum
1993 2004 2226 2058 judicavit,
2265 2019 2386 2059 quem
2415 2009 2539 2063 equi-

387 2075 480 2117 dem
512 2089 593 2117 non
624 2077 758 2117 solum
789 2075 1032 2130 ferendum,
1074 2076 1150 2118 sed
1180 2079 1303 2119 etiam
1344 2078 1653 2120 defendendum
1693 2079 1952 2132 putaverim,
1993 2076 2215 2120 dummodo
2245 2077 2441 2136 ἑρμηνεία
2471 2083 2540 2122 in-

388 2151 606 2204 telligatur
636 2149 689 2190 de
719 2150 1095 2191 communicatione
1133 2152 1366 2205 sermonis,
1410 2152 1537 2206 cujus
1577 2153 1775 2206 principia
1814 2152 1853 2193 in
1894 2152 1974 2193 hoc
2016 2152 2119 2193 libro
2159 2150 2390 2193 tradantur:
2433 2166 2542 2208 quae

388 2224 555 2277 quidem
587 2224 787 2277 principia
819 2237 945 2277 quum
977 2226 1015 2264 in
1046 2226 1225 2278 simplici
1255 2226 1540 2265 enuntiatione
1571 2225 1708 2278 posita
1738 2226 1846 2278 sint,
1897 2239 1978 2266 non
2009 2225 2135 2265 video
2173 2225 2267 2279 qnid
2297 2227 2441 2267 mirum
2471 2229 2541 2281 sit,

388 2296 499 2349 quod
540 2297 798 2336 Aristoteles
834 2295 887 2335 de
926 2298 1212 2336 enuntiatione
1250 2297 1427 2350 simplici
1469 2297 1550 2337 hoc
1590 2297 1683 2337 loco
1724 2296 1924 2351 disputet.
1982 2297 2181 2339 Ceterum
2222 2297 2327 2338 haud
2369 2299 2541 2341 multum

389 2370 652 2410 tribuendum
683 2382 784 2410 esse
813 2369 1106 2423 Gumposchio
1135 2370 1188 2410 de
1222 2370 1304 2410 hoc
1334 2370 1436 2410 libro
1463 2369 1670 2422 judicanti
1712 2383 1833 2410 nemo
1862 2383 1944 2410 non
1983 2370 2143 2411 videbit
2173 2371 2241 2424 qui
2270 2373 2543 2414 Aristotelem

390 2445 599 2497 attigerit:
642 2443 741 2483 dicit
770 2444 879 2483 enim
908 2444 961 2483 ib.
992 2457 1031 2496 p.
1060 2443 1137 2482 91:
1181 2444 1258 2484 „ln
1287 2441 1426 2482 dieser
1454 2443 1622 2482 kleinen
1654 2442 1816 2483 Schril't
1845 2473 1854 2482 .
1886 2474 1897 2485 .
1929 2473 1938 2482 .
1968 2443 2061 2482 sind
2101 2442 2167 2481 die
2193 2444 2431 2484 Zitationen
2460 2443 2543 2485 und

392 2515 636 2555 entlehnten
674 2516 837 2556 Stellen
876 2514 944 2555 die
973 2514 1273 2557 Grundsiiulen
1315 2513 1393 2554 des
1423 2513 1627 2567 Ganzen,
1671 2514 1754 2554 und
1793 2514 1877 2554 fast
1914 2515 2053 2555 nichts
2092 2516 2146 2554 ist
2185 2516 2223 2554 in
2262 2515 2336 2555 der
2373 2529 2542 2570 ganzen

392 2587 549 2630 Schrist
581 2588 817 2641 euthalten‚
859 2601 952 2630 was
982 2589 1061 2628 wir
1092 2587 1207 2628 nicht
1246 2587 1381 2628 schon
1421 2587 1646 2627 anderswo
1686 2587 1825 2628 finden
1837 2617 1850 2640 ,
1891 2600 1941 2628 so
1979 2588 2081 2629 dass
2110 2587 2185 2628 der
2213 2589 2444 2629 Versasser
2467 2603 2546 2630 nur

394 2666 514 2702 unter
541 2660 608 2701 die
638 2661 800 2703 Rahme
829 2646 907 2702 <les
938 2659 1130 2703 Urtlieils
1160 2660 1245 2700 alte
1273 2660 1414 2714 Dinge
1441 2659 1684 2713 gebracht.“

479 2733 681 2788 Sequitur
711 2738 756 2774 ut
785 2733 1047 2788 explicemus
1078 2729 1287 2787 quomodo
1315 2731 1483 2787 singula
1516 2744 1624 2786 quae
1653 2733 1692 2773 in
1723 2732 1804 2774 hoc
1833 2732 1935 2774 libro
1965 2738 2227 2786 exponantur
2252 2732 2359 2774 inter
2386 2746 2437 2774 se
2464 2747 2545 2775 co-

394 2807 617 2845 haereant:
670 2820 751 2860 qua
783 2806 949 2860 quidem
981 2806 1261 2859 explicatione
1290 2805 1574 2859 supersedere
1606 2806 1838 2856 noluimus,
1879 2811 1966 2846 tum
1996 2805 2117 2858 quia,
2157 2805 2194 2845 si
2223 2805 2379 2845 omissa
2410 2812 2545 2861 esset,

393 2879 590 2932 legentes
632 2879 930 2919 obscuritatem
960 2891 1103 2918 eorum
1134 2890 1242 2932 quae
1272 2878 1420 2920 dicturi
1449 2891 1597 2920 sumus
1635 2878 1688 2919 de
1728 2879 1866 2933 capite
1903 2878 2066 2921 decimo
2097 2877 2205 2919 haud
2235 2879 2438 2920 immerito
2470 2893 2544 2921 re-

396 2951 726 3006 prehenderent,
776 2958 863 2992 tum
905 2954 1001 3005 quia
1042 2952 1165 2991 etiam
1209 2957 1383 2991 veteres
1420 2952 1584 3005 quidam
1617 2953 1868 3006 interpretes
1896 2952 2042 2992 librum
2068 2948 2165 3009 περὶ
2196 2949 2421 3009 ἑρμηνείας
2448 2957 2547 2994 tan-

396 3026 450 3064 tis
478 3024 791 3067 difficultatibus
821 3025 1010 3066 laborare
1039 3029 1318 3079 putaverunt,
1370 3030 1414 3065 ut
1443 3039 1537 3067 eum
1567 3025 1646 3066 rite
1675 3026 1875 3081 explicari
1901 3026 2067 3066 omnino
2096 3037 2176 3066 nou
2206 3036 2335 3079 posse
2363 3025 2546 3066 arbitra-

398 3104 561 3138 rentur:
593 3097 694 3138 dicit
722 3100 829 3139 enim
854 3099 1054 3140 Boethius
1086 3101 1201 3152 (opp.
1230 3096 1419 3139 ed.Ven.
1452 3098 1561 3139 1566
1585 3098 1680 3153 fol.)
1707 3101 1747 3139 in
1769 3105 1992 3139 comment.
2019 3100 2072 3139 11.
2103 3098 2231 3153 hujus
2260 3097 2349 3139 libri
2377 3111 2417 3152 p.
2437 3097 2545 3140 384:

396 3170 519 3213 „dicit
546 3178 684 3213 autem
716 3171 977 3225 Porphyrius
1005 3171 1140 3213 fuisse
1170 3170 1374 3226 quosdam
1404 3173 1468 3211 sui
1506 3174 1710 3227 temporis
1748 3174 1818 3227 qui
1859 3172 1972 3214 huuc
2001 3175 2261 3226 exponerent
2289 3170 2457 3224 locum,
2500 3178 2543 3212 et
