4004 4513
2124 624 2211 682 16

1084 776 1223 819 20a3
1255 777 1466 831 pristinam
1493 773 1716 814 lectionem
1746 771 2097 831 προσχρῶμεναι
2140 775 2410 818 restituimus.
2466 771 2584 817 ldem
2613 774 2791 818 fecimus
2816 784 2887 815 vs.
2916 770 2993 826 13,
3045 771 3115 813 ubi
3149 769 3245 815 edd.

1201 851 1396 891 Bekkero
1426 847 1587 900 priores
1617 857 1764 886 omnes
1795 845 1948 886 habent
1980 846 2148 903 μηδείς,

1088 922 1332 966 2οι3-15
1360 922 1408 962 ln
1438 933 1523 974 qua
1553 920 1839 961 enuntiatione
1869 921 2021 973 copula
2050 929 2169 963 »est«
2200 935 2280 964 nou
2308 919 2580 976 exprimitur,
2617 920 2722 962 latet
2749 922 2789 962 in
2817 919 2962 962 verbo.

1089 996 1218 1038 20⁸5
1246 992 1300 1036 τό
1331 991 1447 1036 αὐτό
1481 1025 1490 1035 .
1525 1024 1536 1036 .
1572 1024 1583 1035 .
1618 988 1678 1038 ὡς
1707 988 1759 1033 ἂν
1790 992 1828 1034 εἰ
1855 1004 1936 1032 nou
1966 992 2032 1033 sio
2057 993 2137 1033 sibi
2165 993 2420 1050 respondent
2449 998 2494 1034 ut
2524 1004 2628 1033 usus
2658 992 2854 1048 loquendi
2884 993 3092 1048 postulat:
3138 1003 3246 1032 sen-

1198 1080 1276 1109 sus
1305 1068 1414 1109 enim
1446 1067 1513 1108 hic
1541 1072 1632 1107 est:
1674 1063 1742 1107 ἐπὶ
1771 1064 1948 1108 τούτων
1979 1063 2034 1109 τό
2066 1060 2250 1119 ὑγιαίνει
2294 1063 2366 1109 καὶ
2407 1064 2579 1123 βαδίζει
2608 1063 2663 1107 τό
2692 1066 2807 1110 αὐτό
2836 1067 2954 1109 ποιεῖ
2980 1064 3100 1108 οὕτω
3129 1063 3248 1106 τιθέ-

1197 1156 1326 1197 μενον
1359 1136 1466 1199 ὅπερ
1498 1133 1550 1181 ἅν
1576 1137 1712 1181 ἐποίει
1744 1135 1795 1181 τὸ
1828 1135 1962 1187 ἔστιν,
1994 1137 2032 1181 εἰ
2052 1136 2354 1194 προσήπτέτο.
2384 1139 2444 1182 Cf.
2467 1152 2575 1194 quae
2602 1139 2703 1180 dicit
2731 1152 2770 1181 c.
2799 1140 2866 1189 12,
2898 1154 2939 1193 p.
2956 1138 3091 1180 mbo
3124 1135 3249 1183 ὅσοις

1200 1213 1256 1257 τό
1287 1210 1395 1258 εἶναι
1428 1212 1486 1269 μὴ
1516 1213 1836 1270 προστίθεται,
1886 1210 1939 1253 τὸ
1971 1209 2085 1253 αὐτὸ
2109 1210 2283 1263 ποιήσει
2315 1212 2368 1256 τὸ
2399 1212 2495 1255 ἆντὶ
2529 1211 2612 1256 τοῦ
2642 1206 2749 1253 εἶναι
2778 1210 3032 1265 λεγόμενον.
3090 1208 3250 1250 Similis

1201 1287 1464 1328 constructio
1491 1290 1560 1326 est
1584 1283 1869 1338 Meteoroiog.
1899 1283 1930 1324 l.
1961 1294 1998 1324 c.
2023 1282 2092 1336 14,
2124 1296 2162 1337 p.
2181 1281 2373 1326 352215
2403 1282 2546 1344 ὥσπερ
2577 1278 2655 1329 οὖν
2686 1282 2753 1327 ἐπὶ
2784 1281 2954 1327 τούτου
2986 1283 3068 1326 τοῦ
3101 1282 3246 1325 τόπου

1204 1359 1486 1414 συμβέβηκεν
1519 1354 1653 1403 ὄντος
1681 1356 1870 1415 μικροῦ,
1920 1353 2064 1398 ταύτό
2096 1354 2160 1398 δεῖ
2193 1354 2385 1413 νομίζειν
2425 1357 2563 1401 τοῦτο
2604 1356 2857 1412 συμβαίνειν
2890 1356 2961 1400 καὶ
2991 1356 3088 1412 περὶ
3118 1351 3248 1412 μεγὰ·

1203 1430 1318 1475 λους
1349 1430 1522 1475 τόπους
1555 1426 1627 1470 καὶ
1658 1426 1819 1485 χώρας
1851 1425 1974 1474 ὅλας.
2033 1430 2097 1469 De
2126 1435 2317 1484 generat.
2346 1429 2527 1475 animali.
2556 1431 2627 1473 ΙΙΙ.
2657 1443 2695 1474 c.
2722 1431 2771 1483 5,
2814 1445 2852 1484 p.
2882 1431 3073 1473 756217
3103 1426 3247 1483 ὥσπερ

1207 1503 1295 1562 ’γὰρ
1329 1502 1401 1546 καὶ
1433 1503 1487 1547 τό
1521 1506 1609 1547 τῶν
1642 1501 1797 1561 ὀρνέων
1841 1502 1967 1558 γένος
2009 1502 2049 1546 ἐν
2091 1502 2221 1551 ἐνίοις
2261 1500 2381 1559 ἴσχει
2417 1504 2495 1560 μὲν
2526 1501 2589 1559 ςυίὶ
2629 1499 2732 1546 ἄνευ
2764 1504 2990 1560 κυήσεως,
3044 1502 3174 1555 ὀλίγα
3206 1501 3251 1543 δὲ

1209 1578 1281 1620 καὶ
1314 1576 1519 1630 ὀλιγάκις
1549 1604 1559 1614 .
1589 1607 1599 1618 .
1633 1606 1669 1624 .,
1721 1574 1846 1616 τοῦτ’
1878 1572 1992 1619 αὑτό
2024 1575 2256 1633 συμβαίνει
2301 1573 2373 1618 καὶ
2414 1573 2482 1618 ἐπὶ
2513 1577 2600 1618 τῶν
2631 1573 2836 1633 ἰχθύων,
2866 1566 3001 1633 ἧττον
3034 1575 3092 1620 δὲ.
3148 1577 3250 1618 Me-

1208 1652 1416 1705 teorolog.
1448 1652 1519 1692 ῙΙΙ.
1547 1663 1586 1692 c.
1621 1650 1669 1702 1,
1715 1662 1754 1703 p.
1783 1648 1970 1691 370b11
2004 1648 2080 1692 τὸν
2112 1648 2251 1692 αὐτόν
2293 1650 2462 1704 ’γίνεται
2502 1649 2669 1705 τρόπον
2712 1648 2855 1706 ὥσπερ
2886 1646 2993 1693 ὅταν
3023 1647 3158 1692 πάλιν
3188 1649 3251 1694 εἰς

1210 1725 1474 1767 τούναντίον
1507 1722 1690 1781 ὁρμήσῃ.

1101 1799 1236 1841 2οει8
1261 1798 1405 1838 Verba
1437 1796 1490 1838 τό
1523 1792 1577 1838 οὕ
1605 1796 1888 1849 suspicionem
1924 1801 2117 1836 movent:
2169 1794 2382 1849 explicant
2420 1795 2529 1836 enim
2570 1796 2682 1850 quod
2712 1802 2756 1838 et
2783 1796 2907 1838 facile
2935 1796 3181 1852 intelligitur
3208 1802 3252 1837 et

1212 1873 1306 1913 aliis
1336 1872 1442 1911 locis
1471 1871 1607 1923 (sicut
1639 1869 1810 1918 191225,
1841 1869 1907 1909 ubi
1938 1868 2037 1910 dicit
2068 1865 2183 1910 ὥστε
2215 1865 2286 1909 καὶ
2319 1865 2343 1923 ἦ
2374 1865 2635 1922 ἁπόφασις)
2664 1870 2943 1923 explicatione
2970 1883 3050 1911 non
3078 1868 3251 1923 dignum

1211 1945 1263 1984 ab
1292 1944 1528 1983 Aristotele
1555 1942 1740 1981 habitum
1770 1947 1850 1980 est.

1103 2018 1233 2058 2029
1263 2015 1317 2057 τό
1347 2017 1434 2070 γὰρ
1454 2017 1545 2059 πᾶς
1576 2013 1630 2056 ου’
1661 2013 1713 2055 ro*
1743 2012 1950 2055 καθόλου
1983 2012 2194 2064 σημαίνει,
2227 2008 2332 2051 ἀλλ’
2353 2008 2423 2052 ὅτι
2446 2011 2670 2054 καθόλου.
2699 2012 2838 2064 Quum
2860 2012 3022 2055 additur
3051 2014 3251 2067 „omnis«,

1212 2102 1295 2130 nou
1323 2086 1364 2128 id
1393 2086 1446 2126 de
1475 2084 1851 2139 quo-praedicatur
1879 2084 2119 2124 universale
2148 2095 2248 2122 esse
2284 2082 2505 2136 iudicatur,
2533 2083 2612 2124 sed
2635 2083 2690 2124 de
2710 2098 2757 2125 re
2783 2086 2920 2139 aliqua
2950 2088 3147 2126 universa
3174 2087 3254 2126 ali-

1214 2162 1312 2217 quid
1342 2159 1573 2214 praedicari
1602 2159 1879 2213 significatur.
1938 2156 2164 2210 Copiosius
2193 2156 2275 2196 hoc
2305 2157 2506 2210 explicuit
2520 2157 2781 2198 Aristoteles
2805 2170 2843 2199 c.
2871 2159 2913 2206 7,
2944 2171 2985 2212 p.
3013 2159 3063 2198 17
3076 2159 3138 2198 b5
3161 2169 3253 2212 sqq.

1214 2235 1332 2289 λέγω
1364 2233 1408 2276 δὲ
1438 2231 1506 2275 ἐπὶ
1535 2232 1618 2275 τοῦ
1652 2229 1858 2274 καθόλου
1901 2228 2236 2280 ἀποφαίνεσθαι
2275 2228 2509 2277 καθόλου,
2564 2227 2656 2271 οἷον
2685 2233 2777 2275 πᾶς
2807 2228 3046 2286 ἅνθρωπος
3077 2230 3256 2282 λευκός,

1215 2304 1363 2352 οὐδεὶς
1400 2300 1643 2362 ἅνθρωπος
1683 2300 1849 2347 λευκός
1882 2334 1892 2343 .
1919 2333 1927 2342 .
1958 2333 1967 2341 .
2001 2299 2119 2354 λέγω
2165 2299 2209 2341 δὲ
2248 2299 2301 2342 τό
2338 2300 2396 2353 μὴ
2440 2300 2646 2363 καθόλου
2690 2302 3022 2352 ἂποφαίνεσθαι
3062 2301 3129 2343 ἐπὶ
3168 2303 3256 2343 τῶν

1217 2376 1443 2427 καθόλου,
1475 2373 1566 2421 οἷον
1599 2373 1693 2420 ἔστι
1724 2372 1890 2421 λευκός
1920 2369 2176 2431 ἅνθρωπος.
2211 2372 2295 2415 οὐκ
2325 2370 2420 2415 ἔστι
2449 2372 2615 2419 λευκός
2642 2370 2899 2429 ἅνθρωπος·
2933 2375 3139 2417 καθόλου
3169 2376 3256 2432 γὰρ

1197 2448 1352 2497 ὄντος
1381 2449 1464 2492 τοῦ
1497 2447 1736 2506 ανθρώπου
1769 2446 1863 2503 οὐχ
1902 2443 1963 2493 ὡς
2007 2444 2211 2490 καθόλου
2243 2445 2462 2503 κέχρηται
2492 2448 2547 2503 τῆ
2577 2447 2844 2501 ἁποφάνσει·
2884 2448 2937 2490 τό
2965 2448 3052 2503 γὰρ
3083 2450 3170 2494 πᾶς
3204 2446 3259 2490 ου’

1215 2524 1270 2567 τό
1303 2522 1509 2566 καθόλου
1543 2522 1761 2578 σημαίνει.
1794 2518 1897 2562 ἀλλ’
1930 2518 1999 2563 ὅτι
2033 2519 2256 2562 καθόλου.

1107 2598 1266 2643 2οι10
1294 2595 1427 2651 δῆλον
1456 2593 1501 2636 δὲ
1531 2592 1579 2637 ἐκ
1609 2592 1752 2636 τοῦδε.
1807 2592 2079 2635 Manifestum
2109 2600 2178 2633 est
2216 2600 2356 2634 autem
2385 2607 2442 2634 ex
2469 2593 2821 2635 enuntiationibus
2857 2593 3104 2646 indefinitis,
3151 2607 3259 2649 qua-

1219 2685 1308 2713 rum
1338 2673 1572 2722 sequuntur
1600 2667 1819 2721 exempla,
1872 2667 2139 2721 negationem
2181 2667 2221 2707 in
2250 2680 2301 2708 ea
2340 2668 2622 2709 enuntiatione
2652 2681 2775 2723 quam
2803 2671 3020 2723 proposuit
3048 2683 3090 2710 v.
3120 2670 3148 2711 '7
3178 2683 3260 2710 non

1219 2741 1559 2797 conjungendam
1589 2753 1690 2781 esse
1721 2753 1816 2781 cum
1845 2753 1956 2780 voce
1985 2742 2101 2788 πᾶς,
2133 2740 2209 2780 sed
2240 2753 2335 2781 cum
2364 2754 2415 2781 eo
2444 2741 2554 2794 quod
2593 2743 2767 2782 orationi
2793 2742 3030 2796 subjectum
3060 2748 3150 2795 est,
3189 2738 3257 2783 ἇν-

1214 2821 1422 2874 ,9ρωποςε
1468 2814 1620 2854 etenim
1662 2818 1707 2853 ut
1745 2811 1824 2853 sibi
1865 2811 2121 2865 respondent
2161 2814 2470 2855 enuntiationes
2499 2814 2637 2856 Homo
2680 2829 2812 2856 sanus
2841 2822 2908 2855 est
2946 2823 2989 2856 et
3013 2818 3151 2856 Homo
3179 2830 3259 2857 non

1220 2902 1351 2932 sanus
1377 2893 1468 2940 est,
1497 2888 1561 2928 sic
1589 2899 1757 2941 quoque
1784 2885 2038 2927 Non-homo
2062 2893 2129 2926 est
2155 2898 2287 2927 sanus
2315 2892 2358 2927 et
2386 2887 2639 2928 Non-homo
2667 2901 2749 2928 non
2778 2893 2847 2928 est
2873 2896 3014 2930 sanus.

1112 2964 1273 3008 20213
1300 2961 1537 3003 Verborum
1577 2960 1798 2999 collocatio
1841 2959 1976 2997 locum
2018 2957 2229 2998 difficilem
2272 2957 2474 2998 reddidit:
2526 2972 2706 3013 namque
2749 2959 2938 2999 dicturus
2983 2959 3109 3002 οὐδὲν
3140 2957 3256 3004 ἄλλο

1223 3033 1540 3091 προσσημαίνει
1582 3028 1605 3087 ἢ
1653 3028 1722 3072 ὅτι
1753 3030 1960 3072 καθόλου
2001 3032 2086 3072 τοῦ
2120 3029 2342 3085 ὀνόματός
2386 3029 2501 3073 ἐστιν
2542 3029 2566 3084 ἡ
2610 3029 2920 3088 κατάφασιςῆ
2962 3031 2985 3086 ἦ
3031 3031 3262 3084 ἀπόφασις

1224 3105 1398 3159 scripsit
1428 3101 1553 3145 οὐδὲν
1583 3099 1701 3143 ἄλλο
1732 3103 2048 3157 προσσημαίνει
2088 3099 2112 3157 ἢ
2145 3101 2399 3151 κατάφασιν
2432 3100 2457 3159 ἢ
2490 3102 2746 3155 ἀπόφασιν,
2772 3099 2864 3151 Ιὸτι
2903 3102 3107 3147 καθόλου
3138 3105 3260 3148 εἰσίν.

1225 3180 1432 3231 Reliquae
1470 3187 1576 3214 vcro
1616 3175 1910 3213 enuntiationis
1947 3180 2090 3226 partes
2132 3179 2219 3222 (vs.
2253 3175 2329 3226 14)
2367 3174 2538 3227 adjecto
2568 3176 2638 3214 vel
2668 3177 2760 3220 πᾶς
2794 3175 2864 3214 vel
2903 3174 3052 3232 μηδεὶς
3091 3176 3262 3217 eaedem

1224 3256 1415 3302 manent,
1460 3245 1571 3286 unde
1602 3252 1715 3298 patet
1744 3246 1853 3299 quod
1885 3247 2061 3300 probare
2091 3247 2248 3296 voluit,
2303 3260 2372 3289 vs.
2404 3247 2433 3287 8
2464 3260 2544 3287 non
2575 3245 2795 3288 dicendum
2825 3247 2960 3289 fuisse
2990 3245 3043 3290 ου’
3073 3250 3163 3295 πᾶς
3192 3245 3262 3291 ἅν-

1226 3328 1433 3380 θρωπος,
1463 3317 1539 3359 sed
1574 3320 1661 3364 πᾶς
1691 3318 1776 3360 οὐκ
1807 3315 2063 3376 ἅνθρωπος.

1111 3400 1203 3441 2οι
1221 3394 1384 3438 16-30
1413 3395 1552 3434 Docet
1581 3392 1841 3433 Aristoteles
1878 3390 2088 3446 quomodo
2128 3392 2360 3433 enuntiatio
2401 3405 2565 3448 negans
2605 3397 2876 3433 convertatur
2906 3393 2946 3433 in
2974 3392 3263 3447 affirmantem,

1201 3469 1437 3519 'affirmans
1466 3467 1507 3505 iu
1537 3469 1778 3518 negantem.

1113 3544 1268 3588 20a20
1298 3540 1515 3592 Exemplis
1543 3537 1682 3578 allatis
1710 3536 1892 3577 ostendit
1922 3535 2247 3576 enuntiationem
2278 3543 2505 3590 negantem
2528 3542 2570 3578 et
2595 3535 2875 3579 universalem
2905 3542 2947 3579 et
2977 3538 3265 3592 particularem

1224 3618 1552 3668 consequentem
1582 3623 1683 3652 esse
1713 3622 1841 3663 posse
1868 3610 2163 3652 enuntiationis
2191 3608 2454 3649 affirmantis.
