2863 3780
1396 257 1500 324 ‘18

489 417 717 474 προστεθῆ
746 426 804 457 τι·
835 411 943 458 οὔτε
969 413 1058 473 γάρ
1087 413 1268 468 ψεῦδος
1306 413 1414 461 οὔτε
1453 416 1628 475 ὀληθὲς
1661 415 1778 470 rask
1818 416 2145 458 enuntiationem
2172 417 2282 459 enim
2309 430 2392 460 nou
2422 417 2527 474 pro&-

491 493 607 543 tulit,
635 491 715 530 imo
743 486 857 542 quod
883 486 986 528 dicit
1013 487 1085 526 vel
1114 487 1250 528 miuus
1280 492 1435 541 poterit
1461 504 1612 533 verum
1639 490 1836 546 appellari
1863 497 1937 531 aut
1961 490 2113 533 salsum
2134 503 2257 546 quam
2286 491 2400 547 qnod
2427 491 2529 535 dicit

494 563 565 617 qui
615 563 710 602 sine
764 561 991 614 negatione
1038 561 1279 612 pronuntiat
1316 573 1469 604 nomen
1519 565 1591 605 vel
1639 564 1839 616 verbum,
1890 563 1988 616 quia
2036 575 2187 606 nomeu
2234 564 2308 606 vel
2349 564 2528 606 verbum

488 646 582 675 enm
622 633 849 688 negatione
884 632 1155 685 conjunctum
1193 630 1271 682 (τό
1312 631 1522 687 ἂόριστον
1565 632 1706 695 ὄνομα
1737 633 1762 693 ἦ
1803 635 1915 694 ῥῆμά
1948 635 2045 677 eive
2073 634 2128 679 τό
2160 634 2435 693 ἂ·ὠνυμον),
2476 638 2528 679 vut

486 705 588 747 dicit
623 706 719 748 ibid.
761 718 799 748 c.
827 705 880 760 3,
940 719 982 759 p.
1016 703 1172 745 ¹6b15
1212 702 1284 759 ἐφ’
1325 703 1517 750 ὁτουοῦν
1560 705 1758 768 ὑπάρχει
1798 706 1868 752 καὶ
1912 702 2046 754 ὄντος
2083 704 2157 750 καὶ
2193 708 2253 766 μὴ
2298 705 2444 757 ὄντος.
2473 733 2527 741 -

486 779 568 821 Vs.
594 778 654 822 3³
682 778 767 822 οὐκ
796 775 877 821 εἰσὶ
908 775 973 820 δὲ;
1005 778 1183 818 sumitur
1211 777 1319 816 enim
1348 777 1389 816 in
1418 777 1484 816 his
1516 779 1570 822 τό
1603 780 1688 822 οὐκ
1717 778 1978 838 ἅνθρωπος.
2009 786 2057 820 ut
2087 779 2192 820 dixit
2224 780 2396 836 tabas,
2424 787 2525 823 tan-

483 864 608 906 quam
636 865 708 894 res
736 865 818 893 una
846 850 1050 906 quaedam
1079 850 1254 890 orationi
1280 849 1491 903 subjecta.
1524 873 1577 881 —-
1607 852 1731 904 Quod
1759 852 1861 894 dicit
1888 864 1955 893 vs.
1981 851 2054 905 37,
2083 852 2124 892 id
2149 853 2238 907 Jam
2265 853 2526 908 significavit

485 937 557 968 vs.
583 923 626 966 2.

378 994 540 1038 20⁸ae
576 994 782 1038 Dedimus
812 992 1013 1049 δόξαιεν,
1061 995 1172 1048 quod
1213 995 1396 1036 nonnulli
1436 993 1610 1035 codices
1646 1007 1742 1038 cum
1772 998 1992 1038 Ammonio
2029 1000 2091 1046 (v.
2121 998 2293 1039 Scholia
2321 996 2528 1038 Brundisii

488 1082 531 1124 p.
562 1067 775 1122 1251136)
818 1067 1044 1123 praebent:
1081 1081 1199 1109 error
1227 1068 1359 1120 enim,
1401 1080 1525 1121 quem
1555 1066 1751 1108 meliores
1780 1069 1954 1111 codices
1983 1071 2298 1123 commiserunt,
2345 1070 2415 1123 qui
2443 1069 2525 1109 ha-

488 1141 591 1181 bent
628 1139 824 1195 δόξειεν,
869 1139 935 1180 sic
974 1140 1109 1181 levior
1145 1145 1213 1181 est
1260 1152 1383 1194 quam
1424 1138 1462 1180 si
1499 1151 1595 1180 cum
1633 1138 1832 1182 Bekkero
1867 1141 2030 1182 scribas
2066 1139 2260 1194 δόξειαν,
2307 1138 2416 1195 quod
2456 1139 2526 1180 ille

493 1221 722 1269 propterea
750 1214 920 1254 videtur
952 1215 1227 1267 praetulisse,
1273 1212 1385 1267 quod
1427 1212 1468 1253 in
1505 1218 1714 1266 sequente
1753 1209 1806 1253 ἄν
1846 1214 1937 1254 vitii
1976 1213 2175 1266 originem
2211 1210 2527 1266 deprehendere

490 1288 570 1329 sibi
611 1288 736 1328 visus
781 1291 864 1328 est.
935 1285 1074 1327 Nobis
1119 1286 1294 1327 alterum
1336 1284 1473 1340 magis
1517 1284 1696 1339 placuit,
1738 1283 1779 1324 in
1822 1296 1904 1339 quo
1947 1286 2070 1327 etiam
2112 1283 2200 1327 edd.
2243 1285 2525 1327 consentiunt.

490 1361 721 1414 Utriusque
747 1359 907 1400 formae
934 1360 1128 1413 exempla
1157 1360 1197 1399 iu
1226 1358 1460 1400 Aristotele
1489 1357 1773 1411 reperiuntur:
1803 1356 1969 1400 Politic.
1995 1358 2076 1400 lV.
2104 1368 2141 1399 c.
2171 1357 2235 1409 12,
2265 1371 2305 1411 p.
2336 1356 2525 1398 129784

493 1429 796 1490 ὑπομείνειαν;
850 1431 906 1471 ib.
943 1431 1039 1472 Vll.
1090 1444 1128 1473 c.
1168 1431 1217 1482 1,
1274 1444 1314 1483 p.
1356 1428 1569 1470 1323835
1618 1427 1989 1486 συγχωρήσειαν.
2044 1427 2121 1469 set!
2161 1428 2319 1470 ib.111.
2375 1441 2414 1471 ο.
2456 1427 2524 1483 13,

490 1518 532 1558 p.
567 1503 780 1547 1283b15
807 1500 980 1557 δόξαιεν
1014 1510 1058 1544 et
1087 1518 1125 1545 c.
1156 1505 1235 1557 16,
1280 1517 1320 1557 p.
1352 1502 1561 1543 1287241
1606 1501 1870 1559 ζητήσαιεν,
1921 1513 2030 1555 quae
2065 1504 2285 1544 Bekkerus
2319 1505 2412 1558 ipse
2445 1516 2521 1545 re-

491 1578 616 1631 cepit.

381 1647 540 1692 20a35
567 1647 774 1694 εἰπόντος
804 1654 902 1702 post
929 1650 1015 1691 τοῦ
1029 1680 1042 1698 ‚
1073 1661 1200 1702 quum
1229 1649 1521 1702 explicationis
1549 1648 1687 1700 gratia
1714 1646 1901 1688 additum
1929 1647 2148 1702 videatur,
2177 1648 2362 1690 codicem
2387 1651 2423 1691 B
2452 1661 2523 1691 se-

490 1722 577 1764 cuti
607 1720 837 1762 omisimus.

380 1792 623 1835 aoht-12
650 1795 818 1834 Mutato
847 1792 1149 1834 vocabulorum
1179 1791 1324 1833 ordine
1352 1803 1433 1832 non
1463 1797 1648 1832 mutatur
1675 1792 1918 1832 enuntiatio.

380 1864 516 1907 20b4
543 1878 639 1921 sqq.
669 1866 1007 1918 Demonstratio,
1037 1877 1160 1919 quam
1190 1864 1449 1906 Aristoteles
1477 1862 1616 1920 dedit,
1644 1878 1727 1906 nou
1755 1864 1808 1906 ab
1836 1865 1947 1906 omni
1976 1869 2095 1918 parte
2121 1864 2230 1906 bene
2257 1863 2394 1906 habet.
2431 1866 2524 1907 De-

489 1945 797 1978 monstraturus
826 1939 935 1978 enim
965 1938 1288 1978 enuntiationem
1330 1934 1424 1980 ἔστι
1460 1934 1627 1984 λευκός
1656 1931 1898 1995 ἅνθρωπος
1925 1937 2101 1980 eandem
2130 1950 2232 1979 esse
2259 1950 2382 1991 qnam
2410 1936 2523 1982 ἔστιν

489 2006 732 2067 ἅνθρωπρς
773 2010 940 2058 λευκός
979 2017 1187 2064 tamquam
1228 2021 1481 2052 concessum
1519 2010 1647 2050 sumit
1690 2011 1784 2064 (vs.
1823 2011 1876 2064 9)
1918 2010 2244 2061 enuntiationem
2285 2008 2370 2054 οὐκ
2409 2006 2523 2054 ἔστιν

492 2079 733 2140 ἅνθρωπος
762 2083 928 2131 λευκός
968 2097 1205 2139 repugnare
1233 2086 1272 2125 ei
1310 2097 1418 2139 quae
1457 2084 1558 2124 dicit
1595 2082 1689 2126 ἔστι
1732 2082 1896 2130 λευκός
1927 2079 2192 2140 ἅνθρωποςι
2237 2082 2365 2123 sumit
2402 2082 2527 2137 igitur

491 2158 816 2197 enuntiationem
848 2156 933 2199 οὐκ
962 2154 1080 2199 ἔστιν
1111 2153 1352 2216 ἅνθρωπος
1382 2154 1549 2202 λευκός
1584 2156 1758 2198 eaiidem
1790 2156 1876 2197 vim
1903 2155 2060 2198 habere
2087 2161 2214 2210 atque
2243 2155 2414 2195 alteram
2446 2154 2529 2197 οὐκ

491 2225 586 2270 ἔστι
608 2227 769 2274 λευκός
794 2225 1050 2286 ἅνθρωπος,
1084 2229 1194 2284 quod
1222 2230 1297 2268 vix
1326 2229 1438 2269 dabit
1461 2230 1529 2283 qui
1558 2228 1858 2270 affirmationes
1887 2228 2082 2270 diversas
2111 2240 2210 2269 esse
2230 2226 2457 2268 contendit.
2478 2251 2531 2257 —

491 2303 608 2343 Bene
636 2303 799 2343 notavit
827 2303 970 2343 Julius
998 2303 1155 2343 Pacius
1184 2301 1294 2356 quod
1325 2313 1393 2344 VS.
1425 2302 1453 2343 7
1482 2300 1536 2345 τό
1581 2302 1667 2345 οὐκ
1697 2300 1813 2344 ἔστιν
1847 2300 1932 2344 οὐκ
1961 2298 2201 2359 ἅνθρωπος
2231 2298 2398 2347 λευκός
2425 2300 2530 2341 Ari-

492 2375 672 2415 stoteles
700 2376 900 2415 sumserit
939 2388 1014 2429 pro
1056 2376 1251 2427 exemplo
1288 2375 1396 2415 alius
1438 2375 1736 2415 enuntiationis
1774 2374 2088 2429 cujuscunque,
2133 2384 2214 2427 qna
2252 2374 2346 2427 quis
2383 2373 2530 2425 negari

491 2447 815 2489 enuntiationem
845 2444 962 2489 ἔστιν
992 2443 1234 2504 ἅνθρωπος
1265 2442 1430 2493 λευκός
1460 2461 1617 2501 ponere
1647 2449 1764 2488 velit.

382 2519 473 2563 zob
491 2518 544 2561 to
574 2516 751 2560 ἔσονται
779 2513 857 2561 δύο
888 2522 1019 2573 μιᾶςε
1052 2531 1231 2572 namque
1262 2519 1558 2559 enuntiationis
1589 2517 1684 2561 ἔστι
1715 2517 1879 2565 λευκὸς
1910 2514 2151 2577 ἅνθρωπος
2180 2518 2350 2570 negatio
2380 2519 2459 2559 erit
2486 2524 2531 2560 et

491 2589 580 2636 οὐκ
607 2588 703 2633 ἔστι
732 2588 897 2637 λευκὸς
928 2587 1170 2647 ἅνθρωπος
1202 2592 1295 2643 (vs.
1323 2592 1371 2642 5)
1401 2599 1446 2632 et
1479 2590 1562 2635 οὐκ
1593 2589 1711 2634 ἔστιν
1741 2587 1983 2649 ἅνθρωπος
2012 2587 2179 2636 λευκός
2208 2591 2303 2643 (νε.
2331 2591 2396 2644 9),
2425 2605 2533 2647 quae

490 2678 622 2722 quum
649 2662 758 2706 idem
788 2665 981 2717 valeant,
1029 2666 1152 2708 etiam
1182 2664 1500 2708 affirmationem
1542 2666 1707 2707 nomine
1746 2672 1790 2706 et
1828 2666 1961 2706 verbo
1990 2662 2246 2717 transposito
2273 2676 2356 2704 non
2383 2667 2532 2706 mutari

490 2738 780 2793 consequitur.

2629 50 2672 76 ὅτ’,
2702 60 2708 70 ι
2784 26 2863 68 ,ἐξῇ

2680 78 2684 85 ι
