2863 3780
1408 309 1452 367 8

1135 464 1176 501 d.
1204 459 1515 504 Laurentianus
1543 461 1624 515 ⁸72,
1651 462 1679 503 5

1136 547 1171 574 e.
1200 534 1508 577 Laurentianus
1536 535 1620 584 72,
1649 534 1691 577 3.

1131 610 1168 657 f.
1196 607 1400 650 Marcion.
1433 608 1625 664 Append.
1657 607 1745 662 1V,
1775 608 1815 651 5.
1868 647 1876 655 .

1141 688 1169 724 τ’.
1199 683 1511 724 Laurentianus
1536 685 1619 737 72,
1650 685 1714 725 15.

1135 769 1179 795 n.
1207 756 1515 796 Ambrosianus
1545 759 1604 809 11,
1637 756 1708 798 93.

1138 841 1179 868 u.
1209 828 1470 868 Basileensis
1498 828 1562 882 F,
1590 830 1653 881 11,
1683 828 1752 869 21.

512 896 666 938 Latine
697 899 898 939 vertimus
927 909 1036 953 quae
1065 910 1195 952 supra
1222 898 1416 939 dedimus
1446 899 1528 939 boc
1559 899 1697 940 modo.

512 969 650 1022 Quum
687 983 794 1011 vero
835 970 988 1025 aliquid
1032 970 1085 1011 de
1121 973 1262 1026 aliquo
1302 971 1535 1026 praedicari
1574 972 1798 1013 affirmatio
1844 969 2082 1024 significet,
2137 969 2219 1010 hoc
2258 974 2397 1010 autem
2433 971 2506 1007 aut

350 1053 500 1081 nomen
529 1043 586 1082 sit
610 1049 682 1083 aut
711 1044 877 1084 nomine
904 1055 1092 1097 vacans,
1141 1043 1181 1084 id
1220 1057 1326 1085 vero
1365 1043 1476 1099 quod
1504 1043 1785 1085 affirmatione
1815 1043 2046 1097 proferatur
2074 1053 2200 1084 unum
2228 1041 2380 1082 debeat
2406 1051 2507 1080 esse

351 1120 394 1155 et
423 1114 476 1154 de
505 1128 586 1155 uno
616 1115 849 1169 praedicari
880 1117 1057 1169 (nomen
1087 1123 1228 1158 autem
1258 1123 1300 1158 et
1330 1118 1496 1158 nomine
1524 1129 1687 1157 vacans
1716 1116 1815 1172 quid
1843 1117 1915 1170 sit,
1943 1122 2063 1157 antea
2092 1114 2249 1157 dietum
2272 1121 2363 1168 est,
2412 1125 2508 1154 nam

349 1187 605 1227 Non-homo
634 1202 784 1229 nomen
811 1188 979 1242 quidem
1018 1203 1100 1230 non
1145 1189 1266 1242 dico,
1319 1189 1397 1230 sed
1439 1190 1642 1230 infinitum
1682 1202 1854 1230 nomen:
1901 1202 1996 1229 nam
2035 1200 2158 1228 uuum
2202 1185 2507 1242 quodammodo

350 1259 566 1313 significat
594 1262 718 1302 etiam
748 1261 860 1315 quod
890 1261 1092 1303 infinitum
1123 1271 1213 1316 est3
1248 1264 1361 1305 sicut
1394 1264 1519 1304 etiam
1546 1264 1816 1305 Non-vaiet
1846 1277 1928 1304 non
1956 1262 2153 1313 verbum,
2196 1262 2274 1302 sed
2304 1259 2508 1302 infinitum

352 1333 581 1388 verbum),
621 1334 755 1375 omnis
783 1334 1005 1376 affirmatio
1034 1341 1076 1376 et
1106 1337 1278 1391 negatio
1309 1336 1519 1378 constabit
1549 1343 1622 1378 aut
1651 1349 1706 1377 ex
1735 1336 1901 1377 nomine
1930 1342 1973 1377 et
2002 1334 2132 1376 verbo
2161 1340 2234 1376 aut
2265 1348 2321 1376 ex
2350 1332 2509 1376 infinito

354 1407 521 1447 nomine
550 1414 594 1447 et
621 1407 770 1450 verbo.
830 1409 933 1449 Sine
963 1409 1096 1450 verbo
1125 1422 1231 1450 vero
1261 1423 1398 1464 neque
1426 1410 1648 1451 affirmatio
1686 1421 1823 1464 neque
1863 1409 2034 1464 negatio
2074 1420 2173 1448 esse
2206 1414 2369 1461 potest:
2415 1418 2510 1447 nam

355 1480 438 1521 Est
465 1481 536 1521 vel
567 1482 660 1522 Erit
688 1482 759 1522 vel
788 1482 891 1522 Erat
931 1482 1004 1523 vel
1031 1483 1103 1524 Fit
1142 1485 1214 1525 vel
1251 1497 1529 1540 quaeeunque
1571 1484 1612 1526 id
1651 1496 1789 1540 genus
1827 1484 1910 1524 alia
1938 1483 2069 1525 verba
2106 1488 2204 1524 sunt
2241 1495 2296 1523 ex
2324 1483 2374 1523 iis
2403 1493 2510 1536 quae

358 1554 596 1606 posuimus:
642 1566 737 1595 nam
763 1555 887 1596 simul
913 1555 1038 1596 etiam
1079 1557 1281 1611 temporis
1308 1559 1519 1598 notionem
1560 1557 1729 1599 habeut.
1788 1556 1932 1609 Quare
1963 1557 2092 1609 prima
2120 1556 2336 1597 affirmatio
2367 1561 2410 1596 et
2439 1567 2511 1595 ue·

355 1626 473 1679 gatio
503 1627 583 1666 erit
608 1627 689 1667 Est
715 1627 840 1667 homo
868 1651 922 1658 —
948 1628 1049 1669 Non
1078 1634 1147 1670 est
1175 1629 1324 1683 homo,
1363 1629 1515 1672 deinde
1543 1631 1624 1672 Est
1651 1629 1908 1672 Non-bomo
1938 1652 1992 1659 —
2017 1630 2117 1670 Non
2146 1634 2215 1670 est
2241 1627 2509 1679 Non-bomo,

355 1710 505 1740 rursus
531 1699 614 1741 Est
642 1701 778 1741 omnis
806 1700 931 1742 homo
974 1723 1025 1733 -
1062 1702 1162 1743 Non
1201 1708 1270 1744 est
1308 1704 1442 1744 omnis
1481 1703 1630 1757 homo,
1674 1702 1754 1744 Est
1794 1701 1929 1742 omnis
1955 1701 2209 1742 Non-homo
2237 1724 2289 1732 —
2317 1700 2416 1741 Non
2444 1703 2514 1740 est

355 1771 490 1811 omnis
515 1772 800 1826 Non-homo,
844 1773 926 1813 Est
954 1774 1090 1814 omnis
1119 1774 1375 1815 Non-homo
1406 1797 1457 1804 -—
1485 1775 1586 1816 Non
1615 1780 1684 1815 est
1712 1774 1848 1814 omnis
1876 1772 2145 1814 Non-homo.
2198 1773 2254 1812 Et
2281 1777 2513 1824 temporum

355 1849 625 1885 externorum
663 1844 812 1886 eadem
846 1846 953 1886 ratio
994 1852 1076 1887 est.
1134 1845 1272 1899 Quum
1302 1860 1408 1887 vero
1437 1846 1518 1888 Est
1559 1847 1727 1887 tertium
1766 1845 1989 1899 adjicitur,
2027 1844 2115 1899 jam
2144 1844 2300 1898 duplex
2327 1843 2513 1884 nascitur

355 1916 684 1958 enuntiationum
715 1917 939 1971 oppositio.
997 1919 1104 1959 Dico
1132 1932 1172 1959 e.
1209 1931 1252 1973 g.
1282 1919 1363 1959 Est
1388 1918 1533 1972 justus
1560 1918 1708 1972 homo;
1751 1919 1832 1959 Est
1860 1919 1901 1959 in
1930 1917 2012 1958 hae
2040 1916 2315 1958 affirmatione
2344 1915 2511 1956 tertium

358 1988 453 2030 dieo
478 1989 665 2030 additum
695 2002 796 2030 esse
825 2004 976 2031 nomen
1005 1992 1077 2032 vel
1104 1991 1308 2045 verbum,
1351 1998 1398 2032 ut
1426 2004 1503 2046 per
1532 1991 1613 2032 boe
1641 1997 1845 2046 quattuor
1876 1996 2049 2032 exstent
2075 1989 2378 2030 enuntiationes
2405 1987 2513 2027 inter

356 2075 408 2102 se
439 2064 686 2117 oppositae,
737 2077 911 2117 quarum
941 2063 1050 2105 duae
1079 2063 1132 2105 ad
1160 2064 1484 2105 affirmationem
1514 2071 1557 2104 et
1585 2065 1852 2118 negationem
1881 2077 1932 2104 se
1961 2061 2199 2115 habebunt,
2239 2059 2375 2116 quoad
2405 2073 2514 2101 con-

356 2137 619 2189 sequentiam
649 2136 760 2177 sicut
789 2138 1076 2191 privationes,
1114 2138 1221 2179 duae
1259 2150 1365 2177 vero
1404 2150 1488 2178 non
1518 2138 1588 2178 ita.
1644 2139 1751 2178 Dieo
1780 2143 1920 2178 autem
1947 2135 2124 2176 verbum
2157 2132 2236 2174 Est
2264 2140 2337 2174 aut
2362 2131 2515 2173 homini

357 2207 574 2262 adjectum
605 2220 706 2250 esse
734 2216 807 2250 aut
835 2210 1142 2264 Non-homini,
1194 2225 1326 2266 quare
1364 2212 1488 2253 etiam
1532 2212 1718 2267 negatio.
1774 2212 1982 2265 Quattuor
2018 2210 2148 2264 igitur
2195 2215 2336 2249 eruut:
2384 2207 2513 2247 intel-

358 2283 530 2336 ligimus
558 2285 708 2334 !autem
756 2284 866 2338 quod
900 2283 1055 2328 dictum
1093 2292 1162 2328 est
1199 2300 1256 2328 ex
1290 2287 1342 2328 iis
1378 2299 1488 2340 quae
1525 2286 1630 2327 intra
1667 2285 1881 2339 descripta
1919 2290 2032 2329 sunt.
2089 2284 2170 2324 Est
2205 2281 2345 2334 justus
2372 2281 2516 2334 homo3

361 2357 534 2410 negatio
577 2361 673 2409 ejus
710 2357 807 2398 Non
841 2363 912 2398 est
955 2358 1100 2412 justus
1142 2360 1278 2402 homo.
1336 2361 1417 2402 Est
1461 2374 1542 2402 non
1581 2360 1727 2414 justus
1765 2360 1914 2412 homo,
1958 2358 2056 2412 ejus
2103 2356 2273 2409 negatio
2310 2357 2409 2397 Non
2449 2361 2518 2396 est

360 2443 441 2470 uon
467 2429 611 2483 justus
642 2429 780 2472 homo.
836 2430 949 2472 Nam
980 2431 1156 2473 verbum
1187 2441 1253 2474 est
1282 2440 1325 2474 et
1353 2434 1551 2475 Nou-est
1592 2433 1661 2475 hio
1697 2446 1791 2475 eum
1821 2433 1986 2474 homine
2014 2437 2058 2472 et
2084 2429 2380 2471 Non-homine
2408 2441 2517 2470 eon-

356 2503 566 2558 jungitur.
623 2504 745 2545 Haec
774 2505 902 2559 igitur
932 2506 987 2546 ita
1017 2505 1223 2560 disposita
1253 2513 1378 2561 sunt,
1408 2507 1521 2548 sicut
1550 2507 1590 2547 in
1611 2506 1852 2560 Analyticis
1880 2505 2037 2546 dictum
2066 2509 2144 2545 est,
2204 2500 2362 2542 Eodem
2394 2500 2516 2541 modo

360 2583 501 2617 autem
534 2589 604 2616 res
633 2589 683 2616 se
711 2576 858 2630 habet,
888 2579 1013 2618 etiarn
1041 2579 1079 2618 si
1108 2578 1161 2619 ad
1192 2581 1436 2620 universum
1469 2592 1618 2619 nomen
1649 2580 1870 2619 affirmatio
1900 2578 2106 2633 pertinet,
2149 2581 2195 2615 ut
2220 2574 2366 2615 Omnis
2394 2574 2516 2614 bomo

361 2657 430 2691 est
454 2650 627 2705 justus,
671 2652 843 2705 negatio
871 2651 969 2706 ejus
996 2653 1095 2693 Non
1125 2654 1262 2694 omnis
1291 2654 1416 2694 homo
1450 2660 1517 2695 est
1543 2654 1705 2708 justus.
1763 2652 1911 2694 Omnis
1939 2651 2062 2691 homo
2092 2653 2160 2688 est
2188 2659 2269 2687 non
2297 2645 2436 2700 justus
2465 2668 2517 2677 --

361 2736 442 2764 non
471 2724 607 2764 omnis
638 2723 761 2763 homo
790 2730 859 2764 est
887 2737 967 2764 non
992 2725 1149 2778 justus.
1207 2726 1509 2779 Praeterquam
1549 2725 1662 2780 quod
1704 2738 1786 2766 non
1828 2725 1928 2765 item
1967 2721 2174 2774 contingit
2213 2719 2518 2760 enuntiationes

362 2808 389 2836 e
426 2795 629 2836 diametro
666 2797 883 2848 oppositas
927 2798 1048 2838 simui
1088 2810 1217 2839 veras
1247 2811 1349 2840 esse
1378 2810 1532 2851 posse,
1578 2797 1801 2852 aliquando
1838 2802 1978 2838 autem
2008 2793 2224 2846 contingit.
2279 2792 2375 2832 Hae
2409 2789 2518 2832 duae

361 2868 490 2921 igitur
516 2869 623 2908 inter
651 2881 702 2909 se
732 2870 957 2923 oppositae
985 2877 1106 2920 sunt,
1149 2872 1257 2913 aliae
1312 2885 1418 2912 vero
1447 2873 1667 2925 oppositae
1695 2877 1820 2924 sunt,
1870 2872 1906 2911 si
1937 2868 2034 2924 quid
2074 2866 2269 2920 adjicitur
2307 2864 2360 2905 ad
2388 2865 2516 2906 Non-

362 2941 569 2981 hominem
606 2942 716 2982 sicut
756 2943 809 2982 ad
848 2941 1102 2994 subjeetum.
1160 2945 1238 2985 Est
1273 2944 1420 2997 justus
1458 2944 1712 2985 Non-homo
1749 2966 1801 2972 —
1840 2944 1940 2983 Non
1975 2946 2045 2981 est
2079 2938 2222 2991 justus
2251 2937 2516 2978 Non-homo.

360 3014 442 3054 Est
482 3025 564 3053 non
603 3014 747 3066 justus
793 3015 1048 3056 Non-homo
1090 3039 1138 3046 —
1168 3017 1268 3057 Nou
1312 3023 1380 3057 est
1418 3030 1498 3056 non
1545 3015 1691 3070 justus
1719 3015 1987 3056 Non-homo.
2044 3012 2197 3052 Plures
2235 3022 2339 3051 vero
2379 3021 2518 3062 oppo-

360 3088 539 3126 sitiones
580 3099 700 3140 quam
745 3088 826 3128 bae
868 3101 949 3127 non
991 3089 1200 3130 exsistunt
1212 3106 1227 3141 ;
1273 3090 1353 3130 hae
1394 3097 1532 3131 autem
1564 3089 1625 3140 ‚ab
1662 3090 1743 3129 iliis
1782 3088 2007 3143 sejunctae
2046 3098 2122 3138 per
2158 3098 2206 3124 se
2254 3083 2370 3123 solas
2409 3094 2518 3123 eon-

360 3160 543 3212 sistunt,
597 3166 640 3199 ut
680 3173 787 3213 quae
827 3174 977 3200 nomen
1010 3160 1293 3214 (subjectum)
1335 3162 1516 3202 habeant
1555 3162 1906 3203 Non-bominem.
1966 3158 2127 3211 Quibus
2163 3163 2304 3199 autem
2342 3154 2518 3195 verbum

361 3233 441 3273 Est
470 3245 549 3272 non
580 3235 804 3285 convenit,
859 3240 904 3275 ut
946 3233 982 3273 si
1021 3232 1115 3273 dico
1143 3236 1297 3288 Valet,
1350 3235 1573 3288 Ambulat,
1622 3237 1663 3276 in
1703 3236 1754 3275 iis
1792 3233 1968 3274 verbum
2010 3230 2117 3273 idem
2156 3229 2288 3272 efficit
2326 3228 2383 3269 ita
2424 3223 2519 3265 col-

363 3308 568 3359 locatum,
632 3317 685 3346 ae
730 3307 766 3345 si
806 3308 882 3347 Est
919 3305 1103 3346 additum
1142 3314 1284 3361 esset,
1336 3321 1371 3349 e.
1411 3321 1453 3362 g.
1510 3309 1640 3349 Vaiet
1686 3306 1820 3346 omnis
1853 3305 1976 3345 homo
2009 3328 2055 3335 —
2096 3305 2196 3346 Non
2232 3304 2349 3344 valet
2386 3299 2519 3340 omnis
