4004 4513
1647 675 1731 732 1⁷

624 830 780 874 20224
807 828 963 872 veram
991 824 1212 866 lectionem
1242 837 1300 865 ex
1328 823 1476 866 codice
1493 828 1530 865 B
1558 826 1598 866 in
1627 832 1871 867 contextum
1899 824 2157 878 reduximus,
2187 837 2279 866 cum
2309 838 2390 879 quo
2421 827 2623 868 Boethius
2651 844 2757 872 cou-

732 901 882 944 sentit:
909 898 1063 942 etenim
1091 902 1135 938 ut
1163 896 1370 938 scribatur
1389 893 1459 940 ὅτι
1481 898 1568 947 καί,
1600 912 1681 940 non
1713 895 1785 940 καὶ
1813 895 1898 948 ὅτι,
1928 905 2076 954 aperte
2096 899 2280 952 postulat
2303 898 2412 953 quod
2434 900 2569 942 xrs-25
2587 900 2759 945 babetur

731 974 799 1019 ὅτι
831 976 930 1015 καίτ-
956 972 1127 1013 iteravit
1154 976 1294 1016 autem
1323 971 1595 1026 Aristoteles,
1634 977 1682 1012 nt
1711 971 1829 1012 nobis
1857 972 1898 1013 in
1928 979 2108 1014 mentem
2133 955 2361 1013 revocaret
2382 973 2557 1015 alterum
2588 971 2657 1018 ὅτι
2690 975 2760 1017 καὶ

732 1044 839 1103 quod
868 1044 1118 1100 praecessit,
1145 1056 1268 1099 quam
1291 1043 1458 1098 quidem
1486 1045 1527 1086 in
1550 1043 1772 1087 scribendo
1801 1044 1996 1087 usitatam
2014 1045 2260 1087 Aristotelis
2290 1046 2590 1100 negligentiam
2615 1061 2760 1102 parum

729 1118 991 1175 perspiciens
1020 1118 1195 1158 Buhlius
1237 1117 1398 1157 uncinis
1435 1118 1605 1159 inclusit
1648 1114 1716 1159 ὅτι
1755 1129 1823 1158 vs.
1853 1118 1923 1159 25.
1981 1118 2115 1159 Simili
2155 1117 2413 1172 negligentia
2441 1121 2662 1173 repetitum
2696 1122 2764 1162 le-

733 1194 873 1247 gimus
901 1188 1023 1232 ἀλλὰ
1052 1192 1294 1231 Auscultat.
1324 1191 1455 1244 Phys.
1482 1192 1556 1231 ΙΙΙ.
1585 1201 1622 1229 c.
1652 1190 1694 1242 8,
1723 1203 1763 1242 p.
1795 1190 1983 1229 198b18
2012 1189 2111 1246 ἔχει
2142 1189 2177 1230 δ’
2206 1192 2393 1247 ἀπορίαν
2422 1192 2465 1232 τί
2495 1191 2655 1236 κωλύει
2685 1194 2765 1248 τὴν

735 1263 868 1316 φύσιν
898 1262 956 1319 μὴ
990 1259 1115 1304 ἕνεκα
1144 1277 1227 1304 του
1258 1263 1394 1304 ποιεῖν
1426 1261 1523 1319 μηδ’
1555 1260 1623 1304 ὅτι
1652 1261 1861 1311 βέλτιον.
1916 1261 2020 1304 ἁλλ’
2053 1260 2198 1318 ὥσπερ
2231 1259 2295 1305 ὕει
2326 1263 2346 1305 ὁ
2379 1260 2489 1310 Ζεὺς
2518 1263 2610 1322 οὐχ
2641 1263 2766 1313 ὅπως

738 1337 856 1378 σῖτον
897 1333 1074 1387 αὐξήσῃ
1116 1332 1220 1375 ἁλλ’
1262 1333 1312 1386 ἐξ
1353 1334 1567 1388 ἂνάγκης.
1628 1334 1704 1373 Sic
1744 1334 1808 1372 bis
1853 1335 2018 1386 ponitur
2058 1333 2235 1387 μᾶλλοϋ
2279 1335 2494 1376 Rlietoric.
2528 1339 2602 1380 ΙΙΙ.
2645 1340 2763 1403 c.'5,

734 1422 776 1460 p.
805 1405 987 1447 140⁷b3
1013 1402 1154 1460 τύχοι
1182 1408 1267 1462 ’γαρ
1298 1401 1349 1445 ἄν
1380 1420 1450 1449 τις
1477 1404 1654 1460 μᾶλλον
1686 1404 1726 1446 ὲν
1757 1406 1856 1450 τοῖς
1884 1407 2149 1463 ἁρτιασμοῒς
2188 1404 2318 1463 ἄρτια
2359 1407 2382 1465 ἢ
2412 1411 2594 1464 περισσά
2634 1410 2764 1453 εἰπὼν

732 1479 907 1537 μᾶλλον
948 1476 973 1536 ἢ
1010 1478 1128 1522 πόσα
1170 1476 1291 1535 ἔχει,
1336 1483 1380 1519 et
1423 1475 1618 1535 μάλιστα
1653 1478 1906 1521 Problemat.
1946 1476 2017 1533 λγ’
2054 1491 2092 1521 0.
2125 1478 2177 1518 1'7
2218 1480 2447 1533 συμβαίνει
2487 1480 2532 1523 δὲ
2568 1480 2765 1536 μάλιστα

738 1551 826 1596 dno*
871 1547 1182 1605 καταψύξεως
1219 1549 1268 1593 ἐκ
1311 1550 1464 1608 ῥίγους
1507 1547 1579 1591 καὶ
1610 1546 1759 1605 λύπης
1801 1548 1874 1592 καὶ
1905 1552 2193 1607 φαρμακείας
2225 1554 2307 1603 τῆς
2346 1549 2435 1593 ἅνω
2466 1552 2664 1607 μάλιστα
2703 1558 2765 1611 ’γί-

736 1630 909 1670 νεσθαιε
961 1639 1091 1680 quare
1117 1627 1240 1667 etiam
1269 1638 1308 1668 o.
1339 1627 1415 1680 14,
1457 1639 1497 1679 p.
1525 1625 1661 1666 ²4⁸7
1688 1627 1912 1679 repetitum
1943 1623 2039 1680 ὅτι,
2083 1624 2194 1679 quod
2224 1626 2445 1666 Bekkerus
2472 1626 2625 1681 ejecit,
2667 1642 2766 1670 ser-

734 1699 915 1740 vandum
945 1699 1150 1740 duximus.
1179 1722 1233 1729 —
1260 1699 1379 1751 Quae
1408 1697 1461 1737 de
1490 1698 1673 1752 singulis
1713 1705 1942 1751 negantur,
1986 1710 2037 1737 ea
2080 1699 2204 1737 etiam
2242 1698 2485 1739 affirmando
2526 1701 2581 1741 ita
2619 1704 2766 1755 expri-

738 1785 851 1812 mere
879 1771 1000 1825 licet,
1028 1778 1073 1812 ut
1100 1773 1269 1825 negatio
1299 1785 1380 1812 non
1409 1771 1617 1811 referatur
1644 1769 1697 1810 ad
1726 1771 1901 1811 verbum
1934 1778 2068 1823 „est,“
2098 1771 2176 1810 sed
2203 1770 2255 1810 ad
2282 1771 2321 1811 id
2351 1772 2461 1825 quod
2492 1774 2769 1825 praedicatur.

737 1845 834 1886 Non
863 1846 919 1886 ita
946 1845 987 1885 in
1018 1845 1345 1886 universalibus.-
1389 1856 1484 1884 nam
1522 1844 1559 1884 si
1598 1844 1822 1897 sapientia·
1844 1857 1926 1885 non
1965 1844 2155 1884 omnibus
2193 1844 2404 1897 tribuitur,
2455 1852 2594 1889 tamen
2625 1861 2771 1889 omnes

736 1932 819 1960 non
846 1919 1060 1971 sapientes
1087 1931 1186 1959 esso
1212 1919 1377 1958 minime
1403 1917 1697 1968 consequitur:
1738 1929 1867 1969 quare
1896 1918 1937 1956 in
1965 1917 2314 1957 enuntiationibus
2344 1919 2544 1958 universe
2568 1924 2770 1974 neganti-

739 1990 818 2032 bus
857 1990 1120 2044 negationem
1159 2004 1240 2031 non
1280 1991 1379 2031 licet
1415 1988 1678 2041 conjungere
1718 2002 1812 2030 cum
1847 2002 1898 2029 eo
1937 1989 2047 2041 quod
2094 1990 2379 2043 praedicatur:
2424 1992 2535 2044 quod
2565 1994 2602 2031 si
2631 2001 2769 2034 autem

740 2064 1008 2118 conjungitur
1045 2077 1137 2106 curn
1176 2065 1283 2117 hoo,
1329 2062 1558 2105 enuntiatio
1596 2062 1727 2103 exibit
1767 2063 1975 2104 contraria
2015 2068 2127 2111 (nam
2174 2064 2444 2104 ennntiationi
2486 2064 2670 2106 „Omnes
2704 2079 2770 2106 sa·

740 2139 903 2191 pientes
940 2143 1063 2177 sunta
1104 2137 1313 2177 contraria
1350 2143 1418 2177 est
1456 2138 1621 2179 „Nemo
1660 2143 1726 2176 est
1756 2138 1951 2191 sapiens⁶c
1995 2138 2117 2190 sive,
2169 2137 2279 2191 quod
2309 2138 2416 2179 idem
2447 2145 2541 2191 est,
2589 2139 2772 2182 „Omnes

741 2215 839 2250 sunt
868 2223 947 2250 non
976 2210 1264 2265 sapientesu),
1308 2223 1389 2251 non
1419 2223 1527 2265 quae
1555 2217 1764 2264 repugnat
1795 2211 1942 2261 (nNon
1972 2222 2118 2251 omnes
2145 2212 2361 2264 sapientes
2387 2213 2552 2263 sunta).

633 2281 900 2324 20231-40
921 2284 1086 2324 Nomen
1114 2284 1187 2324 vel
1215 2283 1393 2325 verbum
1422 2294 1514 2324 cum
1542 2283 1769 2337 negatione
1798 2282 2069 2336 conjunctum
2099 2284 2424 2324 enuntiationem
2455 2296 2530 2336 per
2559 2296 2608 2324 se
2639 2284 2771 2326 solum

743 2367 824 2395 non
858 2357 1088 2397 constituit.

634 2430 726 2470 eoa
738 2430 791 2470 31
823 2432 867 2471 αἱ
897 2429 941 2471 δὲ
970 2430 1087 2472 κατὰ
1113 2430 1171 2473 τοὶ
1202 2430 1388 2485 ἀόριστα
1411 2430 1718 2485 ἂντικείμεναι.
1751 2430 1999 2471 Ammonius
2018 2430 2086 2482 (v,
2105 2429 2278 2470 Scholia
2297 2429 2500 2470 Brundisii
2516 2443 2554 2483 p.
2576 2428 2772 2475 125b34)

739 2508 877 2543 mente
904 2502 1217 2556 intelligendum
1240 2509 1357 2556 putat
1379 2504 1542 2554 φωναί,
1575 2502 1684 2557 quod
1707 2504 1815 2544 unde
1843 2506 1936 2545 elici
1961 2505 2095 2557 possit
2121 2517 2203 2544 non
2229 2504 2365 2544 video.
2410 2504 2678 2544 Constructio
2702 2518 2776 2543 ex·

744 2576 935 2631 plicando
951 2583 1018 2618 est
1037 2578 1117 2619 hoc
1141 2576 1276 2618 modo.
1309 2578 1354 2618 In
1378 2583 1517 2618 mente
1537 2578 1796 2619 Aristoteles
1828 2578 1970 2619 habuit
2001 2575 2111 2631 quod
2133 2578 2325 2631 sequitur
2351 2576 2620 2624 ἀποφάσεις,
2654 2577 2774 2630 quasi

746 2648 933 2690 dicturus
955 2651 1000 2692 αἱ
1028 2648 1074 2692 δὲ
1105 2648 1222 2692 κατ-οἱ
1254 2648 1311 2692 τοὶ
1344 2647 1530 2706 ἀόριστα
1556 2648 1751 2706 ὀνόματα
1782 2649 1853 2693 καὶ
1888 2649 2064 2708 ῥήματα
2087 2650 2377 2701 ἀντι-κείμεναι
2409 2647 2659 2699 ἀποφάσεις
2692 2648 2776 2691 οὐκ

746 2720 847 2765 εἰσὶν
870 2721 1125 2777 ἆποφὰσεις
1149 2719 1207 2770 ὡς
1220 2723 1426 2778 ἂληθῶςε
1458 2736 1704 2778 quamquam
1728 2724 1855 2777 igitur
1881 2736 1951 2764 res
1983 2725 2075 2776 ipsa
2104 2734 2184 2762 non
2215 2723 2382 2775 patitur,
2413 2727 2457 2761 ut
2487 2722 2777 2774 ἁντικείμεναι

744 2795 947 2837 referatur
984 2794 1037 2835 ad
1078 2794 1332 2849 ἀποφάσεις
1369 2795 1505 2851 (quod
1548 2796 1588 2836 in
1630 2797 1906 2850 sequentibus
1945 2795 1997 2836 ab
2036 2795 2270 2835 Aristotele
2310 2793 2591 2848 ostenditur),
2639 2800 2777 2834 tamen

745 2868 876 2907 verba
902 2869 959 2908 ita
984 2875 1224 2922 comparata
1253 2875 1370 2920 sunt,
1411 2875 1479 2922 ut,
1522 2870 1601 2908 nisi
1636 2881 1692 2908 ex
1730 2867 1986 2919 ἀποφάσεις
2017 2866 2176 2920 φάσεις
2215 2867 2368 2905 elicere
2410 2867 2552 2917 malis,
2598 2865 2649 2904 ad
2681 2867 2779 2906 nihil

745 2940 856 2979 aliud
885 2943 1020 2993 possit
1047 2942 1204 2981 referri.
1261 2941 1427 2981 Clarius
1455 2941 1634 2980 dixisset
1674 2938 1702 2980 ἃ
1743 2940 1985 2981 ἀντίκειται
2023 2951 2098 2990 pro
2140 2939 2184 2978 αἱ
2224 2937 2528 2990 ἂντικείμεναι.
2589 2938 2779 2978 Similem

747 3016 1101 3054 constructionem
1131 3013 1332 3063 habemus
1362 3024 1400 3053 c.
1428 3012 1481 3063 8,
1512 3024 1554 3064 p.
1585 3010 1738 3051 18220
1767 3007 1881 3065 αὕτη
1913 3010 2066 3062 (intell.
2098 3008 2121 3063 ἧ
2154 3008 2428 3057 κατάφασις)
2462 3005 2515 3048 ου’
2540 3008 2617 3061 μία
2648 3007 2778 3049 κατά·

750 3084 905 3134 φασις.
959 3086 1148 3139 Sophist.
1176 3085 1352 3125 Elench.
1396 3096 1433 3126 c.
1461 3084 1543 3136 24,
1588 3096 1628 3135 p.
1662 3081 1849 3123 1791>ae
1886 3080 1940 3123 ου’
1972 3079 2056 3136 γάρ
2088 3079 2202 3122 ἐστιν
2231 3076 2344 3132 αὕτη
2375 3078 2527 3127 λύσις,
2578 3079 2617 3119 h.
2646 3093 2683 3119 e.
2729 3078 2784 3121 ου’

746 3154 831 3212 ’γάρ
863 3152 976 3212 αὕτη
1009 3156 1032 3210 ἡ
1062 3154 1193 3202 λύσις
1222 3152 1352 3201 λύσις
1382 3152 1508 3197 ἐστίν.
1565 3154 1712 3207 Topic.
1740 3154 1870 3194 V111.>
1901 3165 1938 3193 c.
1971 3152 2048 3205 13,
2106 3167 2142 3205 p.
2175 3150 2353 3192 163815
2383 3148 2425 3193 εἷ’
2448 3166 2517 3196 τις
2547 3151 2784 3206 ἀντικειμέ-

750 3241 830 3272 νας
860 3227 1093 3282 αἰτήσαιτο
1125 3227 1261 3280 φασιν
1294 3225 1365 3269 καὶ
1398 3225 1653 3275 ἀπόφασιν,
1705 3237 1951 3277 quamquam
1982 3225 2117 3265 minus
2148 3222 2396 3277 probandum
2427 3229 2496 3262 est
2526 3222 2637 3275 quod
2671 3224 2782 3277 legi-

749 3304 817 3339 tur
844 3300 909 3341 De
937 3301 1071 3342 anima
1101 3302 1132 3342 1.
1172 3312 1209 3342 c.
1238 3300 1289 3354 2,
1344 3313 1385 3353 p.
1413 3297 1599 3340 404a26
1630 3296 1922 3354 Αναξαγόρας
1952 3296 2117 3354 ψυχὴν
2158 3291 2261 3339 εἶναι
2302 3294 2418 3349 λέγει
2449 3293 2527 3349 τὴν
2561 3296 2780 3338 κινοῦσαν.

748 3394 802 3403 --
827 3373 1047 3416 Sententia
1075 3375 1207 3415 nostri
1236 3375 1317 3416 loci
1345 3374 1452 3415 haec
1477 3378 1554 3413 est.
1610 3371 1658 3412 Si
1689 3371 1784 3425 quis
1814 3371 1885 3411 vel
1917 3370 2090 3411 verbum
2129 3370 2198 3409 vel
2229 3381 2374 3408 nomen
2405 3366 2561 3407 nudum
2596 3381 2780 3422 pronun-

748 3445 824 3486 tiat
851 3458 946 3487 cum
975 3448 1217 3503 negatione,
1257 3461 1394 3502 neque
1420 3459 1567 3486 verum
1596 3451 1664 3485 est
1694 3458 1832 3499 neque
1859 3444 2010 3485 falsum
2041 3443 2149 3499 quod
2178 3442 2274 3483 dicit
2306 3442 2581 3496 (quibuscum
2611 3442 2782 3494 conspi-

751 3524 844 3559 rant
872 3532 979 3573 quae
1008 3521 1209 3562 habemus
1238 3532 1273 3560 c.
1305 3519 1354 3572 1,
1391 3533 1429 3573 p.
1461 3519 1614 3560 16a12
1642 3517 1738 3576 περὶ
1768 3518 1854 3574 γὰρ
1887 3514 2086 3561 σύνθεσιύ
2119 3519 2192 3559 καί
2221 3515 2425 3572 διαίρεσίν
2460 3516 2549 3559 ἐστι
2581 3515 2633 3557 τό
2667 3516 2782 3566 ψεῦ-

753 3589 831 3636 δος
872 3592 943 3633 καὶ
982 3591 1036 3636 τὸ
1078 3592 1259 3651 ἀληθές.
1303 3591 1360 3634 τα
1404 3590 1481 3649 μὲν
1522 3584 1598 3635 οὖν
1644 3590 1841 3650 ὀνόματα
1883 3589 2002 3634 αὐτα
2033 3587 2104 3631 καὶ
2136 3588 2191 3631 ‘roi
2232 3587 2409 3647 ῥήματα
2442 3586 2557 3631 ἔοικε
2587 3589 2651 3641 τῷ
2681 3583 2782 3629 ἔιευ

756 3664 1006 3712 συνθέσεως
1038 3665 1110 3708 καὶ
1144 3664 1632 3730 διαιρέσεωςὶνοὴματι,
1682 3665 1773 3710 οἷον
1813 3665 1867 3709 τό
1911 3662 2149 3722 ἅνθρωπος
2217 3661 2241 3719 ἧ
2273 3662 2328 3707 τό
2357 3663 2545 3711 λευκόν,
2592 3659 2698 3704 ὅταν
2725 3659 2785 3717 μὴ

2387 3738 2416 3779 3
