2863 3785
1327 347 1412 406 15

398 498 552 545 νεσθαι
579 499 802 557 σημαίνειν
831 497 887 542 ‘ro‘
918 494 1002 543 οὐκ
1031 495 1151 541 ἔστιν
1194 493 1436 559 ἄνθρωπος
1474 498 1639 547 λευκός
1677 499 1770 560 ἃμα
1811 500 1883 545 καὶ
1925 499 1993 547 ὅτι
2029 500 2174 553 οὐδεὶς
2203 498 2441 564 ἅνθρωπος

397 572 580 618 λευκός·
619 570 675 614 τό
704 570 750 612 δὲ
780 586 886 613 ουτε
913 568 1081 614 ταῦτόν
1113 571 1308 627 σημαίνει
1340 568 1442 614 ουέῗ
1473 569 1567 628 ἅμα
1596 571 1647 625 ἐξ
1676 571 1891 627 ἇνὰγκης.

291 644 448 689 19b37
485 644 713 688 Omisimus
756 639 833 687 δύο
875 647 973 697 post
1016 639 1063 685 δὲ
1098 654 1192 686 cum
1228 642 1445 687 codicibus
1471 647 1563 699 An,
1610 645 1789 688 Boethio
1830 654 1874 688 et
1913 648 2134 692 Ammonio
2172 652 2243 705 (v.
2271 652 2445 695 Scholia

396 717 604 762 Brandisii
634 730 672 772 p.
706 716 893 759 1231140
918 727 1042 770 seqq·
1069 722 1113 757 et
1140 719 1274 770 not.),
1313 729 1435 772 quem
1463 719 1588 760 etiam
1618 719 1658 760 in
1688 731 1739 760 eo
1769 720 2030 774 sequendum
2060 722 2279 778 duximus,
2331 724 2444 779 quod

396 793 523 835 habet
550 789 908 847 προστεθέντος,
949 786 1060 843 quod
1086 786 1193 830 bene
1229 790 1426 843 explicat,
1483 791 1554 832 Ac
1592 792 1767 845 primum
1809 792 1975 847 quidem
2012 795 2285 850 προστεθέν.
2330 798 2443 852 quod

396 866 521 907 etiam
550 863 755 904 Boethius
792 862 940 916 habet,
988 874 1069 902 non
1105 860 1233 901 video
1277 874 1400 917 quem
1442 874 1615 903 sensum
1650 862 1804 904 habere
1842 866 1999 919 possit,
2043 879 2124 907 non
2153 867 2247 909 dico
2276 869 2447 924 bonum,

395 938 472 980 sed
497 936 770 979 tolerabilem.
791 935 876 978 Jul.
892 935 1046 976 Pacius
1067 934 1198 975 vertit
1227 935 1380 977 „Aliae
1408 943 1551 977 autem
1581 937 1768 977 similiter
1800 938 1920 979 binae
1950 939 2057 979 inter
2084 953 2134 980 se
2161 949 2441 996 opponuntur,

396 1022 505 1066 quae
532 1009 743 1063 pertinent
769 1007 820 1049 ad
849 1021 930 1048 non
960 1008 1082 1048 homo
1109 1012 1304 1061 tanquam
1326 1006 1378 1048 ad
1401 1006 1645 1061 subjectum
1675 1009 1883 1063 quoddam
1912 1011 2138 1067 additum,“
2169 1014 2279 1068 quod
2309 1022 2354 1057 ut
2383 1030 2440 1057 ex

393 1084 489 1124 istis
519 1081 664 1122 verbis
693 1081 867 1135 exprimi
896 1085 1064 1135 posset,
1109 1080 1284 1134 primum
1324 1081 1491 1136 quidem
1521 1083 1723 1125 articulus
1752 1082 1908 1126 deesse
1936 1098 2017 1127 non
2046 1093 2193 1139 posset
2223 1084 2360 1131 ἄλλαι
2394 1086 2439 1132 δὲ

397 1153 477 1200 δύο
502 1156 547 1198 αἱ
561 1153 675 1212 πρός
692 1183 781 1205 ...,
813 1153 964 1195 deinde
979 1154 1231 1208 praepositio
1244 1151 1375 1211 πρός,
1404 1165 1653 1210 quamquam
1667 1154 1850 1199 sortasse
1864 1156 1961 1199 ferri
1979 1157 2114 1211 possit
2131 1171 2182 1200 eo
2205 1171 2335 1202 sensu
2356 1172 2437 1203 ac·-
2489 1140 2495 1150 ⁵

398 1233 524 1282 cepta
538 1239 620 1281 quo
633 1228 804 1281 saepius
824 1228 959 1281 posita
974 1231 1041 1268 est
1061 1226 1099 1267 in
1116 1227 1238 1268 Anal.
1252 1227 1376 1280 prior.
1394 1227 1460 1269 ubi
1476 1227 1547 1280 (v.
1557 1240 1593 1270 e.
1608 1240 1651 1281 g.
1667 1228 1700 1269 1.
1723 1239 1760 1271 c.
1777 1229 1841 1281 15,
1871 1228 2100 1284 p.35a27)
2116 1230 2257 1272 verbis
2283 1230 2305 1284 ἦ
2323 1230 2438 1287 πρδς

393 1300 449 1345 τό
471 1298 663 1344 ἔλαττον
686 1296 822 1355 ἄκρον
840 1298 1056 1355 πρότασις
1085 1299 1316 1353 propositio
1345 1299 1478 1341 minor
1499 1305 1542 1342 et
1566 1297 1748 1355 verbisiy
1776 1298 1888 1357 πρὸς
1907 1300 1960 1344 τό
1980 1300 2128 1360 μεῖζον
2152 1298 2287 1361 ἄκρον
2305 1304 2437 1357 major

395 1372 683 1429 significatur,
712 1376 849 1413 tamen
876 1370 1161 1425 suspicionem
1192 1375 1360 1425 movet,
1401 1372 1496 1427 quia
1527 1371 1713 1428 pendere
1744 1371 1913 1415 videtur
1941 1386 1964 1416 a
1996 1375 2213 1431 participio
2240 1390 2435 1434 προστε-

395 1446 489 1502 θέν,
519 1457 717 1503 quocum,
746 1445 783 1486 si
812 1444 983 1486 Pacium
1009 1443 1228 1499 sequerisf,
1258 1455 1340 1485 non
1365 1443 1585 1500 jungitur,
1625 1443 1804 1501 denique
1832 1447 2076 1505 προστεθέν
2105 1449 2237 1504 accipi
2268 1447 2435 1504 quidem

390 1521 545 1577 poterit
573 1517 628 1558 de
665 1531 718 1559 eo
755 1516 865 1572 quod
900 1516 1183 1571 praedicatur,
1219 1529 1301 1557 non
1338 1519 1492 1572 poterit
1525 1517 1578 1558 de
1617 1531 1669 1558 eo
1709 1519 1821 1573 quod
1855 1522 2033 1560 orationi
2073 1521 2310 1575 subjectum
2339 1527 2430 1562 est:

391 1593 631 1648 subjectum
671 1589 898 1631 enimdici
936 1590 1110 1630 deberet
1147 1590 1274 1632 τεθέν
1312 1592 1386 1631 vel
1429 1587 1676 1642 ὑποτεθέν,
1725 1605 1806 1634 non
1846 1594 2109 1651 προστεθέν.
2166 1595 2338 1636 Buhlius
2366 1596 2431 1643 (in

390 1668 488 1709 edit.
517 1667 708 1720 Bipont.)
738 1665 866 1704 vertit
895 1664 1127 1718 „Reliquae
1156 1663 1267 1703 duae
1297 1676 1402 1704 vero
1432 1666 1592 1705 ratione
1619 1666 1702 1707 τοῦ
1730 1667 1828 1706 Non
1872 1667 2015 1716 homo,
2067 1673 2112 1708 ut
2139 1668 2318 1721 subjecti
2346 1680 2429 1709 cu-

387 1738 556 1795 Jusdam
586 1737 765 1791 appositi
794 1742 1112 1789 opponuntur«,
1156 1735 1267 1790 quod
1285 1729 1371 1776 ¹aut
1400 1749 1481 1776 non
1510 1738 1699 1790 intelligo
1737 1743 1810 1779 aut
1848 1739 2032 1792 ineptum
2073 1746 2159 1781 est:
2202 1753 2294 1780 nam
2321 1752 2430 1794 quae

387 1816 623 1864 sequuntur
651 1808 955 1849 enuntiationes
982 1820 1052 1848 vs.
1079 1808 1136 1849 38
1163 1819 1228 1861 sq.
1261 1807 1369 1848 idem
1409 1809 1563 1849 habent
1591 1809 1829 1862 subjectum
1868 1810 1923 1852 τό
1962 1808 2045 1853 οὐκ
2075 1807 2340 1870 ἅνθρωπος,
2382 1817 2431 1852 ut

390 1885 576 1928 „ratione
595 1882 732 1926 habita
752 1881 950 1934 subjecti,
979 1880 1064 1924 τοῦ
1087 1881 1384 1934 Non-homoa,
1406 1878 1497 1921 >non
1524 1883 1744 1934 oppositae
1764 1883 1863 1936 sint,
1890 1882 1967 1923 sed
1997 1883 2185 1925 eaedem.
2227 1883 2428 1925 Ceterum

383 1957 509 1999 etiam
537 1954 783 2008 optimorum
810 1951 1000 1995 codicum
1028 1953 1216 2007 vestigia
1243 1965 1389 1994 veram
1420 1954 1642 1995 lectionem
1673 1954 1875 2008 produnt:
1907 1969 2084 2008 namque
2111 1955 2222 2009 quod
2249 1957 2426 1996 Aristo-

386 2030 496 2071 teles
524 2026 625 2068 dicit
651 2027 734 2068 hoc
759 2031 837 2067 est.
894 2025 1038 2069 „Anao
1064 2032 1202 2068 autem
1231 2032 1498 2081 opponuntur
1525 2025 1697 2081 adjecto
1715 2027 1796 2068 alio
1825 2027 2015 2081 termino,
2046 2028 2115 2083 qui
2145 2026 2425 2083 praedicetur,

384 2102 437 2144 ad
464 2100 826 2152 Non-hominem,
870 2100 940 2153 qui
978 2105 1174 2152 tanquam
1212 2098 1451 2152 subjectum
1489 2101 1704 2141 sumitura.
1761 2099 1884 2152 Quod
1928 2100 2183 2154 saepissime
2225 2100 2426 2140 habemus

384 2175 427 2216 in
455 2173 715 2225 Aristotele,
744 2171 866 2212 deest
893 2184 1121 2225 pronomen
1153 2169 1436 2212 indefinitum:
1474 2184 1612 2226 neque
1641 2178 1785 2227 esset,
1826 2173 1997 2227 opinor,
2034 2172 2104 2226 qui
2137 2173 2353 2226 haereret,
2387 2169 2426 2211 si

385 2249 589 2301 scriptum
617 2251 808 2286 exstaret
834 2243 1165 2302 προστεθέντος
1192 2240 1316 2289 τινός
1335 2242 1451 2301 πρός
1480 2242 1535 2286 τό
1567 2272 1577 2282 .
1608 2276 1619 2286 .
1654 2274 1695 2298 .,
1726 2246 1822 2285 sive
1851 2246 1991 2297 etiam,
2020 2257 2072 2284 ne
2101 2245 2198 2299 quid
2227 2247 2427 2285 omissum

385 2335 486 2365 esse
520 2320 740 2369 videatur,
793 2316 1123 2375 προστεθέντος
1158 2317 1373 2371 explicare
1408 2318 1508 2357 licet
1552 2330 1627 2371 per
1665 2316 1955 2372 προσθέσεως
1993 2318 2243 2374 γενομένης.
2313 2319 2425 2358 Nam

387 2394 565 2451 genitivi
595 2391 775 2433 absoluti
803 2391 869 2432 sic
896 2389 1006 2430 nude
1032 2389 1158 2444 positi
1179 2389 1351 2443 saepius
1379 2395 1606 2430 occurrunt
1634 2389 1744 2444 apud
1768 2389 2066 2430 Aristotelem:
2092 2390 2425 2442 V.Topic.V111.

385 2480 424 2511 c.
450 2466 502 2519 6,
548 2479 590 2519 p.
635 2462 813 2512 leoau
856 2459 1172 2517 ἐπισημαντέον
1221 2460 1290 2504 ὅτι
1329 2461 1570 2519 ἀναιρεῖται
1609 2462 1818 2506 τεθέντος
1860 2458 1917 2503 ‘ro‘
1957 2459 1998 2502 ἐν
2035 2461 2174 2517 ἀρχῆ.
2230 2463 2421 2515 Sophist.

384 2538 561 2581 Eiench.
588 2550 625 2581 c.
658 2537 725 2589 15,
754 2549 793 2589 p.
825 2534 1008 2575 1741116
1036 2531 1207 2590 ἀνάγκη
1241 2533 1326 2591 γὰρ
1356 2563 1366 2574 .
1399 2563 1411 2575 .
1442 2567 1448 2573 .
1483 2532 1639 2579 δόντος
1669 2536 1746 2587 μὲν
1776 2531 1971 2588 ἔλεγχον
2003 2534 2154 2582 (intell.
2189 2536 2420 2589 γίνεσθαι)

382 2610 441 2671 μὴ
471 2608 629 2656 δόντος
659 2607 703 2651 δὲ
733 2605 842 2663 μηδὲ
869 2604 1008 2650 δοκεῖν
1039 2603 1303 2657 Φὰσκοντος
1332 2602 1520 2655 ἄδοξον,
1552 2604 1609 2661 μὴ
1641 2604 1798 2651 δόντος
1829 2603 1873 2647 δὲ
1901 2603 2042 2648 δοκεῖν
2074 2603 2107 2646 δ’
2140 2604 2423 2661 ὁμολογοῦν-

381 2698 464 2730 τος
494 2679 790 2738 ἐλεγχοειδές.
848 2680 1099 2722 Problemat.
1129 2675 1191 2722 λε’
1219 2691 1256 2720 c.
1285 2679 1329 2732 4,
1356 2692 1394 2732 p.
1421 2678 1574 2720 9652!
1606 2676 1664 2720 τά
1697 2675 1879 2735 σώματα
1909 2676 2220 2731 θιγγανόντων
2251 2679 2424 2735 ψυχει.

382 2753 539 2814 νότερὰ
570 2752 663 2797 ἐστι
692 2754 778 2797 τοῦ
811 2752 974 2810 θέρους
1007 2748 1033 2808 ἢ
1062 2751 1147 2795 τοῦ
1175 2752 1413 2808 χειμῶνος.
1470 2750 1631 2792 Politic.
1661 2751 1736 2792 111.
1767 2763 1806 2794 c.
1840 2750 1912 2803 11,
1957 2764 1997 2804 p.
2031 2749 2245 2793 1281b13
2273 2748 2426 2808 τούτῳ

382 2827 666 2885 διαφέρουσιν
698 2827 740 2870 οἱ
769 2824 1001 2868 σπουδαῖοι
1032 2855 1043 2866 .
1077 2855 1088 2866 .
1121 2854 1132 2864 .
1161 2824 1227 2878 τῷ
1258 2825 1487 2880 συνῆχθαι
1516 2823 1576 2865 τά
1603 2822 1894 2882 διεσπαρμένα
1939 2820 2088 2881 χωρὶς
2118 2823 2182 2870 εἰς
2212 2820 2283 2874 ἕν,
2334 2823 2424 2868 ἐπεὶ

382 2901 721 2959 κεχωρισμένων
750 2916 800 2954 γε
831 2897 1017 2940 κάλλιον
1049 2895 1169 2954 ἔχειν
1198 2898 1282 2939 τοῦ
1311 2897 1619 2954 ’γεγραμμένου
1651 2895 1781 2939 τουδί
1813 2897 1889 2942 μὲν
1922 2895 1998 2938 τόν
2032 2894 2296 2953 ὀφθαλμόν,
2327 2897 2420 2940 ἑτέ-

384 2991 464 3034 ρου
500 2972 544 3016 δέ
573 2988 696 3019 τινος
726 2969 873 3031 ἕτερον
904 2970 1072 3034 μόριον.
1131 2969 1197 3009 De
1228 2969 1332 3009 coel.
1361 2969 1435 3011 ΙΙΙ.
1466 2981 1501 3009 c.
1533 2969 1584 3024 1,
1629 2982 1668 3023 p.
1696 2969 1858 3009 299οὸ
1887 2966 2007 3010 οὕτω
2039 2966 2073 3008 δ’
2105 2966 2307 3025 ἐχόντων
2340 2970 2419 3012 ου’-κ.

383 3044 553 3101 ἀνάγκη
585 3045 639 3088 τό
670 3047 752 3100 τῆς
779 3044 983 3103 γραμμῆς
1014 3041 1148 3100 μέρος
1175 3039 1380 3099 γραμμὴν
1411 3035 1553 3084 εἶναι.-

272 3123 397 3169 2021
431 3119 620 3166 πλείους
651 3117 735 3162 οὐκ
764 3116 954 3167 ἔσονται,
987 3116 1024 3156 si
1051 3116 1102 3156 iis
1133 3127 1239 3170 quas
1268 3114 1528 3156 Aristoteles
1557 3115 1803 3169 nominavit,
1832 3115 1954 3155 etiam
1984 3112 2302 3167 adjunxerimus
2329 3124 2416 3166 eas,

381 3205 491 3251 quae
528 3194 622 3239 πᾶς
658 3198 701 3232 et
742 3191 796 3235 οὐ
837 3192 927 3237 πᾶς
961 3200 1054 3230 cum
1092 3188 1287 3243 subjecto
1324 3188 1621 3229 Non-homine
1661 3187 1933 3242 conjungant.
1990 3187 2247 3228 Mentionem
2278 3192 2416 3226 autem

379 3279 520 3312 earum
549 3265 651 3308 facit
681 3265 937 3307 Aristoteles
965 3262 1071 3305 ‘infra
1101 3261 1254 3308 vs.3·7.
1296 3261 1418 3316 Quae
1447 3261 1612 3317 quidem
1643 3261 1951 3303 enuntiationes
1978 3274 2131 3305 revera
2158 3275 2182 3303 a
2210 3259 2416 3315 prioribus

379 3344 460 3386 illis
489 3340 685 3382 diversae
712 3345 813 3381 sunt
840 3344 884 3381 et
910 3349 1171 3394 nequaquam
1200 3337 1253 3378 ab
1282 3337 1368 3379 illis
1397 3348 1639 3391 suspensae
1667 3332 1838 3394 (χωρὶς
1868 3333 2079 3390 ἐκείνων).
